3917 5592
3079 366 3197 427 281

651 580 872 659 giones
919 580 1114 639 nostri
1158 580 1460 660 fidedigni
1507 580 1731 639 exinde
1780 581 1862 639 ad
1907 600 2025 639 nos
2071 581 2133 639 in
2181 582 2509 659 quindenis
2571 582 2848 681 predicte
2910 582 3062 641 ferie
3110 602 3205 643 se-

650 689 853 748 cunde
900 688 1137 748 reversi
1185 696 1247 747 et
1292 707 1405 766 per
1451 707 1566 748 nos
1614 688 1946 767 diligenter
1977 688 2275 767 requisiti,
2324 689 2505 748 nobis
2539 708 2615 748 eo
2647 690 2834 748 modo
2869 691 3210 749 retulerunt

647 796 982 876 fidedigne,
1029 805 1098 855 ut
1144 797 1292 855 dum
1339 796 1456 874 ipsi
1511 796 1666 855 feria
1722 798 2000 856 secunda
2062 796 2343 875 proxima
2406 805 2549 875 post
2608 796 2917 875 prefatum
2976 796 3205 857 festum

645 903 814 963 beati
861 904 1152 984 Gregorii
1214 922 1376 983 pape
1425 913 1488 964 et
1533 906 1822 979 doctoris,
1887 914 1949 965 et
1997 906 2131 965 aliis
2180 906 2400 965 diebus
2464 906 2546 965 ad
2606 906 2669 966 id
2718 906 2877 984 aptis
2926 914 2989 967 et
3036 906 3203 967 suffi-

643 1010 962 1085 cientibuS,
1012 1012 1094 1071 ad
1137 1010 1333 1071 facies
1380 1020 1706 1090 prenotate
1753 1013 2171 1091 possessionis
2221 1022 2279 1073 et
2335 1013 2646 1091 porcionis
2709 1014 3203 1093 possessionarie

640 1118 914 1195 ipsorum
960 1119 1222 1179 Fabiani
1270 1128 1332 1179 et
1376 1120 1656 1197 Mathye,
1703 1139 1816 1198 per
1862 1119 2035 1198 ipsos
2081 1122 2269 1181 modo
2316 1121 2622 1199 premisso
2686 1130 3065 1199 comparate,
3113 1121 3200 1181 vi-

641 1224 794 1285 cinis
841 1234 904 1285 et
950 1227 1396 1287 commetaneis
1443 1227 1726 1287 eiusdem
1772 1227 2082 1287 universis
2138 1228 2287 1289 inibi
2347 1228 2651 1308 legittime
2714 1228 3075 1289 convocatis
3138 1238 3201 1289 et

637 1332 1030 1409 presentibus
1102 1332 1533 1409 accessissent,
1581 1342 1729 1393 tunc
1774 1334 1896 1413 ipsi
1940 1334 2217 1413 prefatos
2265 1336 2613 1396 Fabianum
2676 1345 2739 1396 et
2784 1336 3091 1397 Mathiam
3135 1337 3195 1396 in

641 1440 982 1500 dominium
1007 1442 1170 1501 dicte
1204 1460 1420 1501 eorum
1452 1442 1870 1520 possessionis
1901 1450 1965 1502 et
1995 1442 2307 1520 porcionis
2339 1444 2851 1521 possessionarie,
2883 1463 2994 1522 per
3026 1444 3196 1522 ipsos

635 1549 823 1607 modo
887 1549 1246 1626 supradicto
1293 1558 1653 1627 comparate
1715 1549 2220 1625 introduxissent,
2278 1568 2353 1610 ac
2400 1552 2668 1611 eandem
2731 1550 3197 1629 possessionem

633 1666 695 1715 et
741 1657 1100 1734 porcionem
1149 1658 1425 1735 ipsorum
1471 1658 2051 1735 possessionariam,
2084 1677 2223 1718 cum
2273 1658 2597 1736 premissis
2629 1660 2867 1719 cunctis
2915 1659 3044 1720 suis
3077 1660 3191 1719 uti-

628 1764 920 1839 litatibus,
971 1766 1200 1835 usibuS,
1248 1766 1669 1843 proventibuS,
1715 1764 2247 1826 fructuositatibus
2295 1775 2357 1825 et
2402 1767 2801 1845 pertinenciis
2864 1768 3189 1842 universiS,

629 1872 934 1949 premisso
980 1874 1168 1932 modo
1216 1874 1564 1947 declaratiS,
1635 1875 1717 1934 ad
1763 1874 2031 1933 eandem
2092 1874 2557 1951 possessionem
2616 1875 2895 1953 ipsorum
2942 1895 3191 1955 semper

628 1988 690 2040 et
752 1981 830 2040 ab
893 1980 1146 2061 antiquo
1209 1982 1634 2060 spectantibus
1697 2002 1772 2042 ac
1833 1983 2283 2061 pertinentibus
2346 2002 2461 2043 seu
2524 1992 2809 2061 spectare
2874 1992 2938 2044 et
2997 1986 3183 2062 perti-

622 2106 772 2147 nere
821 2089 1206 2165 debentibuS,
1253 2090 1492 2149 eisdem
1537 2090 1816 2149 Fabiano
1864 2098 1926 2150 et
1976 2090 2251 2167 Mathye,
2298 2090 2605 2168 premisso
2642 2091 2983 2169 empcionis
3008 2091 3185 2153 titulo

621 2196 771 2274 ipsis
819 2197 1230 2273 incumbente,
1280 2198 1642 2258 statuissent
1687 2198 1822 2258 iure
1868 2206 2173 2276 perpetuo
2221 2198 2283 2257 in
2339 2199 2605 2259 heredes
2661 2200 2965 2259 heredum
3018 2199 3181 2278 ipso-

618 2323 755 2363 rum
809 2306 1147 2365 tenendam
1195 2314 1258 2365 et
1317 2306 1780 2383 possidendam,
1836 2306 2086 2366 nemine
2140 2305 2388 2384 penitus
2443 2306 2907 2367 contradicente
2975 2325 3181 2387 neque

623 2412 830 2490 aliquo
879 2412 1332 2472 contradictore
1380 2414 1628 2491 penitus
1675 2421 2037 2491 apparente,
2084 2412 2283 2473 tribus
2332 2413 2553 2473 diebus
2616 2414 2925 2474 continuis
2988 2423 3052 2474 et
3095 2416 3180 2495 le-

618 2519 875 2599 gittimis
907 2520 1079 2579 iuxta
1111 2520 1292 2600 regni
1323 2520 1838 2580 consvetudinem
1871 2540 2111 2580 moram
2156 2519 2385 2581 ibidem
2418 2520 2721 2583 facientes
2766 2523 3178 2599 personalem.

617 2628 685 2685 In
733 2646 997 2706 quorum
1029 2627 1305 2687 omnium
1338 2627 1786 2706 premissorum
1819 2628 2241 2687 testimonium
2280 2628 2762 2707 firmitatemque
2793 2638 3178 2707 perpetuam,

615 2736 1010 2813 presentibus
1059 2744 1274 2795 nostra
1319 2736 1503 2795 solita
1534 2735 1739 2815 sig-illa
1770 2735 2061 2794 duximus
2094 2735 2525 2812 appendenda.
2573 2736 2807 2795 Datum
2845 2738 3176 2815 Zagrabie‚

612 2842 768 2903 feria
815 2845 1110 2919 secunda,
1179 2844 1242 2904 in
1288 2844 1450 2904 festo
1497 2843 1732 2903 scilicet
1778 2842 1946 2903 beati
1996 2842 2319 2903 Benedicti
2367 2843 2612 2903 abbatis
2660 2853 2722 2903 et
2782 2844 3175 2919 confessoris,

612 2970 776 3011 anno
824 2951 1058 3011 domini
1102 2952 1429 3013 millesimo
1476 2951 2093 3031 quadringentesimo
2142 2950 2629 3030 quadragesimo
2680 2960 2872 3011 sext0.

821 3090 1104 3158 originale
1143 3092 1585 3145 membraneum.
1623 3090 1952 3160 Dependent
1992 3090 2137 3143 duae
2176 3104 2371 3143 cereae
2411 3091 2677 3159 capsulae
2704 3089 3013 3159 sigilorum,
3054 3107 3167 3145 una

608 3196 643 3231 a
681 3178 865 3245 viridi,
905 3179 1018 3233 alia
1066 3194 1101 3232 a
1136 3180 1287 3233 flava
1324 3179 1539 3234 sericea
1578 3194 1739 3247 zona,
1779 3178 2079 3247 impressio
2118 3178 2430 3245 sigillorum
2472 3178 2651 3248 periit„
2692 3179 2755 3232 In
2791 3180 2941 3233 arch.
2981 3179 3169 3233 accad.

614 3268 806 3322 scient.
843 3266 1061 3322 Slavor.
1100 3268 1294 3323 merid.
1335 3268 1657 3337 Zagrabiae.

1791 3588 2003 3658 258.

808 3808 992 3865 Anno
1049 3804 1232 3867 1446.
1282 3804 1384 3866 25.
1436 3806 1662 3884 aprilis,

599 4016 849 4081 Coram
899 4018 1198 4101 capitulo
1245 4017 1572 4082 ecclesiae
1617 4015 2133 4101 Zagrabiensis,
2178 4016 2522 4100 magister
2566 4015 3004 4094 Franciscus,
3052 4038 3159 4081 ca-

593 4125 894 4189 nonicus
941 4124 1093 4191 eccl.
1144 4124 1660 4211 Zagrabiensi8‚
1707 4122 1968 4188 nobilis
2013 4123 2093 4187 de
2140 4122 2353 4207 Infer.
2381 4123 2783 4200 Lemniam,
2824 4126 3157 4208 possessi-

591 4248 790 4295 onem
837 4252 1040 4295 suam
1089 4231 1676 4317 Kozthanyewecz
1723 4234 2053 4307 vocatam,
2100 4230 2420 4294 ducentis
2451 4229 2757 4313 florenis
2802 4232 2987 4308 auri,
3036 4252 3155 4296 no-

587 4337 841 4402 bilibus
900 4336 1368 4403 castrensibus
1414 4338 1867 4420 (nominatim
1911 4338 2273 4421 aepressis)
2330 4336 2412 4401 de
2466 4334 2683 4419 Infer.
2749 4336 3151 4415 Lomnv'cza,

1735 4443 1990 4509 vendit.

797 4662 1156 4741 Capitulum
1206 4663 1468 4722 ecclesie
1533 4662 1981 4742 Zagrabiensis
2044 4662 2334 4722 omnibus
2382 4662 2616 4722 Christi
2676 4662 2963 4723 fidelibus
3009 4681 3147 4740 pre-

587 4770 866 4829 sentibus
913 4770 1147 4848 pariter
1193 4780 1254 4829 et
1298 4770 1521 4829 futuris
1583 4770 1977 4847 presencium
2040 4769 2332 4829 noticiam
2394 4769 2697 4829 habituris
2758 4770 3023 4829 salutem
3084 4768 3147 4829 in

589 4877 806 4937 salutis
882 4876 1195 4957 largitore.
1265 4875 1367 4935 Ad
1445 4876 1877 4937 universorum
1954 4877 2245 4937 noticiam
2323 4877 2543 4937 harum
2623 4875 2784 4937 serie
2860 4876 3147 4937 volumus
