<?xml version="1.0" encoding="UTF-8"?>
<!DOCTYPE html PUBLIC "-//W3C//DTD XHTML 1.0 Transitional//EN"
    "http://www.w3.org/TR/xhtml1/DTD/xhtml1-transitional.dtd">
<html xmlns="http://www.w3.org/1999/xhtml" xml:lang="en" lang="en">
 <head>
  <title>
</title>
<meta http-equiv="Content-Type" content="text/html;charset=utf-8" />
  <meta name='ocr-system' content='tesseract 3.04.00' />
  <meta name='ocr-capabilities' content='ocr_page ocr_carea ocr_par ocr_line ocrx_word'/>
</head>
<body>
  <div class='ocr_page' id='page_1' title='image "./povjesnispomeni01laszgoog_0064.png"; bbox 0 0 3917 5592; ppageno 0'>
   <div class='ocr_carea' id='block_1_1' title="bbox 878 399 956 463">
    <p class='ocr_par' dir='ltr' id='par_1_1' title="bbox 878 399 956 463">
     <span class='ocr_line' id='line_1_1' title="bbox 878 399 956 463; baseline 0.038 -3"><span class='ocrx_word' id='word_1_1' title='bbox 878 399 956 463; x_wconf 83' lang='lat'>14</span> 
     </span>
    </p>
   </div>
   <div class='ocr_carea' id='block_1_2' title="bbox 865 616 3427 806">
    <p class='ocr_par' dir='ltr' id='par_1_2' title="bbox 865 616 3427 806">
     <span class='ocr_line' id='line_1_2' title="bbox 866 616 3427 694; baseline 0.002 -18"><span class='ocrx_word' id='word_1_2' title='bbox 866 616 1004 677; x_wconf 84' lang='lat' dir='ltr'>filiis</span> <span class='ocrx_word' id='word_1_3' title='bbox 1039 618 1292 694; x_wconf 85' lang='lat' dir='ltr'>Endrey</span> <span class='ocrx_word' id='word_1_4' title='bbox 1341 618 1765 679; x_wconf 87' lang='lat' dir='ltr'>concessimus</span> <span class='ocrx_word' id='word_1_5' title='bbox 1799 619 2141 678; x_wconf 66' lang='lat' dir='ltr'>roboratas</span> <span class='ocrx_word' id='word_1_6' title='bbox 2192 618 2538 680; x_wconf 90' lang='lat' dir='ltr'>Pristaldus</span> <span class='ocrx_word' id='word_1_7' title='bbox 2572 620 2939 681; x_wconf 86' lang='lat' dir='ltr'>Menezlaus</span> <span class='ocrx_word' id='word_1_8' title='bbox 2988 622 3169 681; x_wconf 89' lang='lat' dir='ltr'>huius</span> <span class='ocrx_word' id='word_1_9' title='bbox 3220 642 3427 683; x_wconf 90' lang='lat' dir='ltr'>cause.</span> 
     </span>
     <span class='ocr_line' id='line_1_3' title="bbox 865 720 3023 806; baseline 0.001 -21"><span class='ocrx_word' id='word_1_10' title='bbox 865 726 1099 785; x_wconf 90' lang='lat' dir='ltr'>Datum</span> <span class='ocrx_word' id='word_1_11' title='bbox 1146 726 1226 785; x_wconf 87' lang='lat' dir='ltr'>ab</span> <span class='ocrx_word' id='word_1_12' title='bbox 1273 724 1711 785; x_wconf 83' lang='lat' dir='ltr'>incarnacione</span> <span class='ocrx_word' id='word_1_13' title='bbox 1759 725 1994 785; x_wconf 91' lang='lat' dir='ltr'>domini</span> <span class='ocrx_word' id='word_1_14' title='bbox 2043 745 2209 785; x_wconf 90' lang='lat' dir='ltr'>anno</span> <span class='ocrx_word' id='word_1_15' title='bbox 2258 720 2689 787; x_wconf 85' lang='lat' dir='ltr'><strong>M⁰.C⁰.C⁰.L⁰.</strong></span> <span class='ocrx_word' id='word_1_16' title='bbox 2739 729 3023 806; x_wconf 84' lang='lat' dir='ltr'>septimO.</span> 
     </span>
    </p>
   </div>
   <div class='ocr_carea' id='block_1_3' title="bbox 874 865 3435 1024">
    <p class='ocr_par' dir='ltr' id='par_1_3' title="bbox 874 865 3435 1024">
     <span class='ocr_line' id='line_1_4' title="bbox 1079 865 3435 937; baseline 0.002 -19"><span class='ocrx_word' id='word_1_17' title='bbox 1079 866 1122 918; x_wconf 91' lang='lat' dir='ltr'><strong>E</strong></span> <span class='ocrx_word' id='word_1_18' title='bbox 1159 868 1514 935; x_wconf 79' lang='lat' dir='ltr'>transiunpto</span> <span class='ocrx_word' id='word_1_19' title='bbox 1554 865 1814 935; x_wconf 77' lang='lat' dir='ltr'>originali</span> <span class='ocrx_word' id='word_1_20' title='bbox 1863 866 2137 936; x_wconf 81' lang='lat' dir='ltr'>Stephani</span> <span class='ocrx_word' id='word_1_21' title='bbox 2183 866 2315 921; x_wconf 82' lang='lat' dir='ltr'>bani</span> <span class='ocrx_word' id='word_1_22' title='bbox 2374 882 2423 921; x_wconf 88' lang='lat' dir='ltr'>a.</span> <span class='ocrx_word' id='word_1_23' title='bbox 2467 866 2621 922; x_wconf 79' lang='grc'><strong>1257.</strong></span> <span class='ocrx_word' id='word_1_24' title='bbox 2698 868 2759 921; x_wconf 89' lang='lat' dir='ltr'>ln</span> <span class='ocrx_word' id='word_1_25' title='bbox 2800 868 3033 923; x_wconf 82' lang='lat' dir='ltr'>archivo</span> <span class='ocrx_word' id='word_1_26' title='bbox 3092 868 3246 937; x_wconf 81' lang='lat' dir='ltr'>regni</span> <span class='ocrx_word' id='word_1_27' title='bbox 3283 869 3435 923; x_wconf 87' lang='lat' dir='ltr'>Hun-</span> 
     </span>
     <span class='ocr_line' id='line_1_5' title="bbox 874 954 3433 1024; baseline 0.002 -17"><span class='ocrx_word' id='word_1_28' title='bbox 874 954 1081 1023; x_wconf 77' lang='lat' dir='ltr'>gariae‚</span> <span class='ocrx_word' id='word_1_29' title='bbox 1120 954 1538 1024; x_wconf 85' lang='lat' dir='ltr'>Budapestini:.</span> <span class='ocrx_word' id='word_1_30' title='bbox 1581 956 1649 1011; x_wconf 84' lang='lat' dir='ltr'><strong>M.</strong></span> <span class='ocrx_word' id='word_1_31' title='bbox 1689 954 1752 1011; x_wconf 93' lang='grc' dir='ltr'>Ο.</span> <span class='ocrx_word' id='word_1_32' title='bbox 1793 956 1854 1010; x_wconf 91' lang='lat' dir='ltr'>D.</span> <span class='ocrx_word' id='word_1_33' title='bbox 1894 956 1952 1010; x_wconf 92' lang='lat' dir='ltr'>L.</span> <span class='ocrx_word' id='word_1_34' title='bbox 1990 955 2209 1021; x_wconf 70' lang='grc'><strong>32984..</strong></span> <span class='ocrx_word' id='word_1_35' title='bbox 2267 955 2402 1011; x_wconf 90' lang='lat' dir='ltr'>olim</span> <span class='ocrx_word' id='word_1_36' title='bbox 2443 956 2506 1011; x_wconf 89' lang='lat' dir='ltr'>N.</span> <span class='ocrx_word' id='word_1_37' title='bbox 2545 956 2608 1011; x_wconf 87' lang='lat' dir='ltr'>R.</span> <span class='ocrx_word' id='word_1_38' title='bbox 2648 958 2711 1012; x_wconf 84' lang='lat' dir='ltr'><strong>A.</strong></span> <span class='ocrx_word' id='word_1_39' title='bbox 2753 958 2887 1013; x_wconf 75' lang='lat' dir='ltr'>fasc.</span> <span class='ocrx_word' id='word_1_40' title='bbox 2927 956 3045 1012; x_wconf 62' lang='lat'><strong>155.</strong></span> <span class='ocrx_word' id='word_1_41' title='bbox 3102 957 3205 1012; x_wconf 89' lang='lat' dir='ltr'>No.</span> <span class='ocrx_word' id='word_1_42' title='bbox 3245 958 3329 1012; x_wconf 87' lang='grc'>22.</span> <span class='ocrx_word' id='word_1_43' title='bbox 3370 986 3433 997; x_wconf 95' lang='grc'>-</span> 
     </span>
    </p>
   </div>
   <div class='ocr_carea' id='block_1_4' title="bbox 793 1032 3429 1203">
    <p class='ocr_par' dir='ltr' id='par_1_4' title="bbox 793 1032 3429 1203">
     <span class='ocr_line' id='line_1_6' title="bbox 793 1032 3429 1130; baseline 0.002 -33"><span class='ocrx_word' id='word_1_44' title='bbox 793 1048 796 1050; x_wconf 12' lang='grc' dir='ltr'><strong>Α</strong></span> <span class='ocrx_word' id='word_1_45' title='bbox 863 1042 1106 1130; x_wconf 78' lang='lat' dir='ltr'>Wenzel,</span> <span class='ocrx_word' id='word_1_46' title='bbox 1184 1043 1317 1098; x_wconf 88' lang='lat' dir='ltr'>Cod.</span> <span class='ocrx_word' id='word_1_47' title='bbox 1358 1044 1490 1114; x_wconf 90' lang='lat' dir='ltr'>dipl.</span> <span class='ocrx_word' id='word_1_48' title='bbox 1547 1046 1677 1114; x_wconf 86' lang='lat' dir='ltr'>Arp.</span> <span class='ocrx_word' id='word_1_49' title='bbox 1718 1048 1864 1103; x_wconf 87' lang='lat' dir='ltr'>cont.</span> <span class='ocrx_word' id='word_1_50' title='bbox 1904 1045 2013 1099; x_wconf 84' lang='lat' dir='ltr'>Vll.</span> <span class='ocrx_word' id='word_1_51' title='bbox 2070 1062 2122 1115; x_wconf 87' lang='lat' dir='ltr'>p.</span> <span class='ocrx_word' id='word_1_52' title='bbox 2162 1044 2267 1099; x_wconf 74' lang='lat'>462</span> <span class='ocrx_word' id='word_1_53' title='bbox 2344 1032 2513 1100; x_wconf 75' lang='lat' dir='ltr'>habel.</span> <span class='ocrx_word' id='word_1_54' title='bbox 2563 1046 2621 1100; x_wconf 91' lang='lat' dir='ltr'>in</span> <span class='ocrx_word' id='word_1_55' title='bbox 2661 1051 2897 1115; x_wconf 80' lang='lat' dir='ltr'>regesto,</span> <span class='ocrx_word' id='word_1_56' title='bbox 2956 1075 3022 1085; x_wconf 90' lang='lat'>—</span> <span class='ocrx_word' id='word_1_57' title='bbox 3083 1046 3429 1116; x_wconf 71' lang='lat' dir='ltr'>Kukuljevic‚</span> 
     </span>
     <span class='ocr_line' id='line_1_7' title="bbox 866 1132 1610 1203; baseline 0.001 -17"><span class='ocrx_word' id='word_1_58' title='bbox 866 1134 1121 1203; x_wconf 77' lang='lat' dir='ltr'>Regesta.</span> <span class='ocrx_word' id='word_1_59' title='bbox 1167 1134 1269 1189; x_wconf 81' lang='lat' dir='ltr'>No,</span> <span class='ocrx_word' id='word_1_60' title='bbox 1309 1132 1449 1203; x_wconf 67' lang='lat'>745„</span> <span class='ocrx_word' id='word_1_61' title='bbox 1488 1134 1610 1189; x_wconf 75' lang='lat'><strong>746.</strong></span> 
     </span>
    </p>
   </div>
   <div class='ocr_carea' id='block_1_5' title="bbox 1081 1423 2222 1609">
    <p class='ocr_par' dir='ltr' id='par_1_5' title="bbox 1081 1423 2222 1609">
     <span class='ocr_line' id='line_1_8' title="bbox 2084 1423 2222 1490; baseline -0.007 0"><span class='ocrx_word' id='word_1_62' title='bbox 2084 1423 2125 1490; x_wconf 87' lang='lat' dir='ltr'>l</span> <span class='ocrx_word' id='word_1_63' title='bbox 2149 1423 2222 1490; x_wconf 87' lang='lat' dir='ltr'>l.</span> 
     </span>
     <span class='ocr_line' id='line_1_9' title="bbox 1081 1547 1508 1609; baseline 0.005 -2"><span class='ocrx_word' id='word_1_64' title='bbox 1081 1548 1266 1608; x_wconf 87' lang='lat' dir='ltr'>Anno</span> <span class='ocrx_word' id='word_1_65' title='bbox 1325 1547 1508 1609; x_wconf 89' lang='lat'><strong>1257.</strong></span> 
     </span>
    </p>
   </div>
   <div class='ocr_carea' id='block_1_6' title="bbox 874 1734 3443 2044">
    <p class='ocr_par' dir='ltr' id='par_1_6' title="bbox 874 1734 3443 2044">
     <span class='ocr_line' id='line_1_10' title="bbox 874 1734 3442 1826; baseline 0.004 -22"><span class='ocrx_word' id='word_1_66' title='bbox 874 1734 1266 1824; x_wconf 76' lang='lat' dir='ltr'>Step‘hanus</span> <span class='ocrx_word' id='word_1_67' title='bbox 1311 1741 1553 1820; x_wconf 83' lang='lat' dir='ltr'>banus,</span> <span class='ocrx_word' id='word_1_68' title='bbox 1601 1744 2035 1808; x_wconf 78' lang='lat' dir='ltr'>concordiam</span> <span class='ocrx_word' id='word_1_69' title='bbox 2084 1746 2359 1811; x_wconf 81' lang='lat' dir='ltr'>ratione</span> <span class='ocrx_word' id='word_1_70' title='bbox 2406 1750 2633 1810; x_wconf 81' lang='lat' dir='ltr'>terrae</span> <span class='ocrx_word' id='word_1_71' title='bbox 2680 1747 2916 1811; x_wconf 84' lang='lat' dir='ltr'>Lonca</span> <span class='ocrx_word' id='word_1_72' title='bbox 2963 1748 3203 1826; x_wconf 79' lang='lat' dir='ltr'>dictae,</span> <span class='ocrx_word' id='word_1_73' title='bbox 3254 1750 3442 1813; x_wconf 81' lang='lat' dir='ltr'>inter</span> 
     </span>
     <span class='ocr_line' id='line_1_11' title="bbox 887 1846 3443 1940; baseline 0.003 -29"><span class='ocrx_word' id='word_1_74' title='bbox 887 1846 1238 1933; x_wconf 81' lang='lat' dir='ltr'>Yandrag,</span> <span class='ocrx_word' id='word_1_75' title='bbox 1309 1846 1706 1914; x_wconf 75' lang='lat' dir='ltr'>Martinam</span> <span class='ocrx_word' id='word_1_76' title='bbox 1775 1854 1841 1915; x_wconf 79' lang='lat' dir='ltr'>et</span> <span class='ocrx_word' id='word_1_77' title='bbox 1909 1850 2293 1917; x_wconf 82' lang='lat' dir='ltr'>Karachun</span> <span class='ocrx_word' id='word_1_78' title='bbox 2362 1874 2522 1917; x_wconf 85' lang='lat' dir='ltr'>cum</span> <span class='ocrx_word' id='word_1_79' title='bbox 2582 1852 2772 1937; x_wconf 79' lang='lat' dir='ltr'>filiis</span> <span class='ocrx_word' id='word_1_80' title='bbox 2842 1854 3119 1940; x_wconf 77' lang='lat' dir='ltr'>Endrey</span> <span class='ocrx_word' id='word_1_81' title='bbox 3166 1855 3443 1933; x_wconf 78' lang='lat' dir='ltr'>initam,</span> 
     </span>
     <span class='ocr_line' id='line_1_12' title="bbox 1962 1958 2353 2044; baseline 0 -21"><span class='ocrx_word' id='word_1_82' title='bbox 1962 1958 2353 2044; x_wconf 83' lang='lat' dir='ltr'>confirmat.</span> 
     </span>
    </p>
   </div>
   <div class='ocr_carea' id='block_1_7' title="bbox 791 2156 3446 3423">
    <p class='ocr_par' dir='ltr' id='par_1_7' title="bbox 791 2156 3446 3423">
     <span class='ocr_line' id='line_1_13' title="bbox 1091 2156 3446 2240; baseline 0.003 -25"><span class='ocrx_word' id='word_1_83' title='bbox 1091 2156 1447 2233; x_wconf 85' lang='lat' dir='ltr'>Stephanus</span> <span class='ocrx_word' id='word_1_84' title='bbox 1494 2158 1696 2217; x_wconf 89' lang='lat' dir='ltr'>banus</span> <span class='ocrx_word' id='word_1_85' title='bbox 1746 2159 1944 2218; x_wconf 89' lang='lat' dir='ltr'>tocius</span> <span class='ocrx_word' id='word_1_86' title='bbox 2000 2158 2333 2220; x_wconf 88' lang='lat' dir='ltr'>Sclauonie</span> <span class='ocrx_word' id='word_1_87' title='bbox 2382 2171 2446 2221; x_wconf 92' lang='lat' dir='ltr'>et</span> <span class='ocrx_word' id='word_1_88' title='bbox 2492 2163 2857 2240; x_wconf 86' lang='lat' dir='ltr'>capitaneus</span> <span class='ocrx_word' id='word_1_89' title='bbox 2903 2162 3109 2239; x_wconf 89' lang='lat' dir='ltr'>Styrie</span> <span class='ocrx_word' id='word_1_90' title='bbox 3158 2163 3446 2223; x_wconf 87' lang='lat' dir='ltr'>omnibus</span> 
     </span>
     <span class='ocr_line' id='line_1_14' title="bbox 878 2263 3441 2343; baseline 0.004 -22"><span class='ocrx_word' id='word_1_91' title='bbox 878 2271 1202 2340; x_wconf 87' lang='lat' dir='ltr'>presentes</span> <span class='ocrx_word' id='word_1_92' title='bbox 1245 2263 1481 2323; x_wconf 89' lang='lat' dir='ltr'>litteras</span> <span class='ocrx_word' id='word_1_93' title='bbox 1529 2265 1899 2343; x_wconf 87' lang='lat' dir='ltr'>inspecturis</span> <span class='ocrx_word' id='word_1_94' title='bbox 1948 2268 2216 2326; x_wconf 86' lang='lat' dir='ltr'>salutern</span> <span class='ocrx_word' id='word_1_95' title='bbox 2264 2268 2325 2327; x_wconf 88' lang='lat' dir='ltr'>in</span> <span class='ocrx_word' id='word_1_96' title='bbox 2374 2270 2643 2329; x_wconf 82' lang='lat' dir='ltr'>domino,</span> <span class='ocrx_word' id='word_1_97' title='bbox 2704 2269 2806 2327; x_wconf 90' lang='lat' dir='ltr'>Ad</span> <span class='ocrx_word' id='word_1_98' title='bbox 2854 2269 3287 2330; x_wconf 88' lang='lat' dir='ltr'>uniuersorum</span> <span class='ocrx_word' id='word_1_99' title='bbox 3333 2291 3441 2330; x_wconf 88' lang='lat' dir='ltr'>no-</span> 
     </span>
     <span class='ocr_line' id='line_1_15' title="bbox 872 2360 3441 2455; baseline 0.004 -26"><span class='ocrx_word' id='word_1_100' title='bbox 872 2371 1080 2431; x_wconf 88' lang='lat' dir='ltr'>ticiam</span> <span class='ocrx_word' id='word_1_101' title='bbox 1143 2360 1432 2431; x_wconf 87' lang='lat' dir='ltr'>uolumus</span> <span class='ocrx_word' id='word_1_102' title='bbox 1503 2375 1848 2450; x_wconf 87' lang='lat' dir='ltr'>peruenire,</span> <span class='ocrx_word' id='word_1_103' title='bbox 1897 2375 2066 2453; x_wconf 91' lang='lat' dir='ltr'>quod</span> <span class='ocrx_word' id='word_1_104' title='bbox 2138 2377 2513 2437; x_wconf 85' lang='lat' dir='ltr'>accedentes</span> <span class='ocrx_word' id='word_1_105' title='bbox 2562 2377 2642 2437; x_wconf 90' lang='lat' dir='ltr'>ad</span> <span class='ocrx_word' id='word_1_106' title='bbox 2697 2386 2977 2436; x_wconf 88' lang='lat' dir='ltr'>nostram</span> <span class='ocrx_word' id='word_1_107' title='bbox 3046 2379 3441 2455; x_wconf 89' lang='lat' dir='ltr'>presenciam</span> 
     </span>
     <span class='ocr_line' id='line_1_16' title="bbox 871 2478 3429 2565; baseline 0.003 -28"><span class='ocrx_word' id='word_1_108' title='bbox 871 2478 977 2538; x_wconf 84' lang='lat' dir='ltr'>filii</span> <span class='ocrx_word' id='word_1_109' title='bbox 1025 2479 1232 2538; x_wconf 88' lang='lat' dir='ltr'>Endre</span> <span class='ocrx_word' id='word_1_110' title='bbox 1282 2479 1540 2555; x_wconf 78' lang='lat' dir='ltr'>comitiS,</span> <span class='ocrx_word' id='word_1_111' title='bbox 1589 2482 2001 2542; x_wconf 83' lang='lat' dir='ltr'>exhibuerunt</span> <span class='ocrx_word' id='word_1_112' title='bbox 2047 2483 2225 2542; x_wconf 89' lang='lat' dir='ltr'>nobis</span> <span class='ocrx_word' id='word_1_113' title='bbox 2274 2483 2509 2543; x_wconf 89' lang='lat' dir='ltr'>litteras</span> <span class='ocrx_word' id='word_1_114' title='bbox 2560 2484 2856 2561; x_wconf 91' lang='lat' dir='ltr'>Tyburcii</span> <span class='ocrx_word' id='word_1_115' title='bbox 2906 2484 3146 2544; x_wconf 90' lang='lat' dir='ltr'>comitis</span> <span class='ocrx_word' id='word_1_116' title='bbox 3193 2486 3429 2565; x_wconf 88' lang='lat' dir='ltr'>Zagra-</span> 
     </span>
     <span class='ocr_line' id='line_1_17' title="bbox 872 2586 3435 2672; baseline 0.003 -27"><span class='ocrx_word' id='word_1_117' title='bbox 872 2586 1122 2661; x_wconf 82' lang='lat' dir='ltr'>biensiS,</span> <span class='ocrx_word' id='word_1_118' title='bbox 1193 2586 1398 2648; x_wconf 92' lang='lat' dir='ltr'>dilecti</span> <span class='ocrx_word' id='word_1_119' title='bbox 1459 2607 1533 2647; x_wconf 90' lang='lat' dir='ltr'>ac</span> <span class='ocrx_word' id='word_1_120' title='bbox 1579 2589 1778 2650; x_wconf 89' lang='lat' dir='ltr'>fidelis</span> <span class='ocrx_word' id='word_1_121' title='bbox 1827 2591 2038 2665; x_wconf 90' lang='lat' dir='ltr'>nostri,</span> <span class='ocrx_word' id='word_1_122' title='bbox 2087 2599 2371 2668; x_wconf 83' lang='lat' dir='ltr'>petentes</span> <span class='ocrx_word' id='word_1_123' title='bbox 2420 2611 2531 2651; x_wconf 89' lang='lat' dir='ltr'>eas</span> <span class='ocrx_word' id='word_1_124' title='bbox 2602 2592 2787 2672; x_wconf 81' lang='lat' dir='ltr'>sigilli</span> <span class='ocrx_word' id='word_1_125' title='bbox 2834 2594 3029 2652; x_wconf 90' lang='lat' dir='ltr'>nostri</span> <span class='ocrx_word' id='word_1_126' title='bbox 3099 2593 3435 2654; x_wconf 88' lang='lat' dir='ltr'>munimine</span> 
     </span>
     <span class='ocr_line' id='line_1_18' title="bbox 875 2695 3440 2784; baseline 0.002 -31"><span class='ocrx_word' id='word_1_127' title='bbox 875 2695 1246 2754; x_wconf 89' lang='lat' dir='ltr'>confirmari.</span> <span class='ocrx_word' id='word_1_128' title='bbox 1317 2695 1608 2784; x_wconf 70' lang='lat' dir='ltr'>Quarum</span> <span class='ocrx_word' id='word_1_129' title='bbox 1681 2704 1861 2757; x_wconf 88' lang='lat' dir='ltr'>tenor</span> <span class='ocrx_word' id='word_1_130' title='bbox 1932 2700 2011 2757; x_wconf 91' lang='lat' dir='ltr'>de</span> <span class='ocrx_word' id='word_1_131' title='bbox 2074 2699 2279 2769; x_wconf 45' lang='lat' dir='ltr'>uerbo·</span> <span class='ocrx_word' id='word_1_132' title='bbox 2332 2699 2414 2758; x_wconf 88' lang='lat' dir='ltr'>ad</span> <span class='ocrx_word' id='word_1_133' title='bbox 2462 2699 2723 2759; x_wconf 89' lang='lat' dir='ltr'>uerbum</span> <span class='ocrx_word' id='word_1_134' title='bbox 2789 2699 2929 2759; x_wconf 90' lang='lat' dir='ltr'>talis</span> <span class='ocrx_word' id='word_1_135' title='bbox 2992 2708 3117 2759; x_wconf 89' lang='lat' dir='ltr'>est:</span> <span class='ocrx_word' id='word_1_136' title='bbox 3190 2700 3379 2776; x_wconf 91' lang='lat' dir='ltr'>(Vid</span> <span class='ocrx_word' id='word_1_137' title='bbox 3405 2720 3440 2759; x_wconf 91' lang='lat' dir='ltr'>e</span> 
     </span>
     <span class='ocr_line' id='line_1_19' title="bbox 872 2805 3438 2888; baseline 0.003 -26"><span class='ocrx_word' id='word_1_138' title='bbox 872 2805 1052 2863; x_wconf 89' lang='lat' dir='ltr'>doc.</span> <span class='ocrx_word' id='word_1_139' title='bbox 1100 2806 1692 2881; x_wconf 88' lang='lat' dir='ltr'>praecedens</span> <span class='ocrx_word' id='word_1_140' title='bbox 1741 2826 1793 2866; x_wconf 92' lang='lat' dir='ltr'>a.</span> <span class='ocrx_word' id='word_1_141' title='bbox 1853 2805 2036 2867; x_wconf 90' lang='grc'><strong>1257.</strong></span> <span class='ocrx_word' id='word_1_142' title='bbox 2087 2807 2265 2866; x_wconf 87' lang='lat' dir='ltr'>sub.</span> <span class='ocrx_word' id='word_1_143' title='bbox 2316 2808 2429 2866; x_wconf 89' lang='lat' dir='ltr'>No.</span> <span class='ocrx_word' id='word_1_144' title='bbox 2489 2805 2626 2885; x_wconf 83' lang='lat'><strong>10.).</strong></span> <span class='ocrx_word' id='word_1_145' title='bbox 2676 2808 2809 2867; x_wconf 91' lang='lat' dir='ltr'>Nos</span> <span class='ocrx_word' id='word_1_146' title='bbox 2871 2807 3062 2888; x_wconf 78' lang='lat' dir='ltr'>igitur</span> <span class='ocrx_word' id='word_1_147' title='bbox 3106 2808 3284 2868; x_wconf 89' lang='lat' dir='ltr'>iustis</span> <span class='ocrx_word' id='word_1_148' title='bbox 3332 2828 3438 2887; x_wconf 88' lang='lat' dir='ltr'>pe-</span> 
     </span>
     <span class='ocr_line' id='line_1_20' title="bbox 869 2910 3441 2997; baseline 0.002 -28"><span class='ocrx_word' id='word_1_149' title='bbox 869 2910 1198 2970; x_wconf 90' lang='lat' dir='ltr'>ticionibus</span> <span class='ocrx_word' id='word_1_150' title='bbox 1268 2912 1546 2989; x_wconf 89' lang='lat' dir='ltr'>ipsorum</span> <span class='ocrx_word' id='word_1_151' title='bbox 1615 2913 1881 2973; x_wconf 88' lang='lat' dir='ltr'>filiorum</span> <span class='ocrx_word' id='word_1_152' title='bbox 1958 2914 2169 2974; x_wconf 86' lang='lat' dir='ltr'>Endre</span> <span class='ocrx_word' id='word_1_153' title='bbox 2217 2916 2811 2997; x_wconf 64' lang='lat' dir='ltr'>condescendentes,</span> <span class='ocrx_word' id='word_1_154' title='bbox 2857 2924 3143 2976; x_wconf 88' lang='lat' dir='ltr'>tenorem</span> <span class='ocrx_word' id='word_1_155' title='bbox 3214 2916 3441 2993; x_wconf 88' lang='lat' dir='ltr'>prefati</span> 
     </span>
     <span class='ocr_line' id='line_1_21' title="bbox 872 3018 3435 3103; baseline 0.003 -27"><span class='ocrx_word' id='word_1_156' title='bbox 872 3018 1166 3095; x_wconf 90' lang='lat' dir='ltr'>Tyburcii</span> <span class='ocrx_word' id='word_1_157' title='bbox 1213 3020 1472 3094; x_wconf 83' lang='lat' dir='ltr'>comitiS,</span> <span class='ocrx_word' id='word_1_158' title='bbox 1521 3021 1598 3080; x_wconf 91' lang='lat' dir='ltr'>de</span> <span class='ocrx_word' id='word_1_159' title='bbox 1632 3022 1826 3081; x_wconf 90' lang='lat' dir='ltr'>uerbo</span> <span class='ocrx_word' id='word_1_160' title='bbox 1875 3023 1956 3081; x_wconf 88' lang='lat' dir='ltr'>ad</span> <span class='ocrx_word' id='word_1_161' title='bbox 1988 3022 2252 3081; x_wconf 89' lang='lat' dir='ltr'>uerbum</span> <span class='ocrx_word' id='word_1_162' title='bbox 2298 3022 2359 3081; x_wconf 91' lang='lat' dir='ltr'>in</span> <span class='ocrx_word' id='word_1_163' title='bbox 2405 3041 2664 3100; x_wconf 88' lang='lat' dir='ltr'>presens</span> <span class='ocrx_word' id='word_1_164' title='bbox 2712 3023 3109 3103; x_wconf 88' lang='lat' dir='ltr'>priuilegium</span> <span class='ocrx_word' id='word_1_165' title='bbox 3154 3030 3435 3083; x_wconf 90' lang='lat' dir='ltr'>nostrum</span> 
     </span>
     <span class='ocr_line' id='line_1_22' title="bbox 867 3121 3434 3207; baseline 0.002 -22"><span class='ocrx_word' id='word_1_166' title='bbox 867 3121 1176 3186; x_wconf 87' lang='lat' dir='ltr'>inserere¹</span> <span class='ocrx_word' id='word_1_167' title='bbox 1223 3126 1484 3186; x_wconf 88' lang='lat' dir='ltr'>fecimus</span> <span class='ocrx_word' id='word_1_168' title='bbox 1533 3134 1596 3189; x_wconf 92' lang='lat' dir='ltr'>et</span> <span class='ocrx_word' id='word_1_169' title='bbox 1640 3136 1840 3188; x_wconf 88' lang='lat' dir='ltr'>teram</span> <span class='ocrx_word' id='word_1_170' title='bbox 1908 3137 2305 3207; x_wconf 86' lang='lat' dir='ltr'>prenotatam</span> <span class='ocrx_word' id='word_1_171' title='bbox 2351 3130 2571 3189; x_wconf 91' lang='lat' dir='ltr'>Lonka</span> <span class='ocrx_word' id='word_1_172' title='bbox 2640 3130 2878 3190; x_wconf 89' lang='lat' dir='ltr'>eisdem</span> <span class='ocrx_word' id='word_1_173' title='bbox 2926 3132 3434 3191; x_wconf 90' lang='lat' dir='ltr'>confirmauimus</span> 
     </span>
     <span class='ocr_line' id='line_1_23' title="bbox 791 3234 3435 3323; baseline 0.003 -31"><span class='ocrx_word' id='word_1_174' title='bbox 791 3314 800 3323; x_wconf 95' lang='lat'><strong>.</strong></span> <span class='ocrx_word' id='word_1_175' title='bbox 873 3234 1326 3313; x_wconf 89' lang='lat' dir='ltr'>imperpetuum</span> <span class='ocrx_word' id='word_1_176' title='bbox 1394 3236 1852 3312; x_wconf 87' lang='lat' dir='ltr'>possidendam.</span> <span class='ocrx_word' id='word_1_177' title='bbox 1945 3236 2031 3296; x_wconf 91' lang='lat' dir='ltr'>Vt</span> <span class='ocrx_word' id='word_1_178' title='bbox 2086 3245 2296 3297; x_wconf 87' lang='lat' dir='ltr'>autern</span> <span class='ocrx_word' id='word_1_179' title='bbox 2355 3238 2538 3296; x_wconf 90' lang='lat' dir='ltr'>huius</span> <span class='ocrx_word' id='word_1_180' title='bbox 2587 3236 2676 3297; x_wconf 91' lang='lat' dir='ltr'>rei</span> <span class='ocrx_word' id='word_1_181' title='bbox 2730 3239 2925 3298; x_wconf 90' lang='lat' dir='ltr'>series</span> <span class='ocrx_word' id='word_1_182' title='bbox 2996 3257 3209 3299; x_wconf 86' lang='lat' dir='ltr'>coram</span> <span class='ocrx_word' id='word_1_183' title='bbox 3256 3239 3435 3299; x_wconf 92' lang='lat' dir='ltr'>nobis</span> 
     </span>
     <span class='ocr_line' id='line_1_24' title="bbox 871 3341 3432 3423; baseline 0.003 -23"><span class='ocrx_word' id='word_1_184' title='bbox 871 3341 1129 3419; x_wconf 86' lang='lat' dir='ltr'>prouide</span> <span class='ocrx_word' id='word_1_185' title='bbox 1163 3341 1493 3418; x_wconf 88' lang='lat' dir='ltr'>celebrata,</span> <span class='ocrx_word' id='word_1_186' title='bbox 1542 3344 1728 3404; x_wconf 90' lang='lat' dir='ltr'>robur</span> <span class='ocrx_word' id='word_1_187' title='bbox 1760 3344 2039 3404; x_wconf 84' lang='lat' dir='ltr'>obtineat</span> <span class='ocrx_word' id='word_1_188' title='bbox 2084 3344 2391 3404; x_wconf 88' lang='lat' dir='ltr'>firmitatis</span> <span class='ocrx_word' id='word_1_189' title='bbox 2426 3352 2488 3404; x_wconf 91' lang='lat' dir='ltr'>et</span> <span class='ocrx_word' id='word_1_190' title='bbox 2518 3362 2838 3423; x_wconf 84' lang='lat' dir='ltr'>nunquam</span> <span class='ocrx_word' id='word_1_191' title='bbox 2871 3345 3070 3423; x_wconf 89' lang='lat' dir='ltr'>possit</span> <span class='ocrx_word' id='word_1_192' title='bbox 3098 3346 3163 3405; x_wconf 90' lang='lat' dir='ltr'>in</span> <span class='ocrx_word' id='word_1_193' title='bbox 3192 3346 3432 3407; x_wconf 87' lang='lat' dir='ltr'>irritum</span> 
     </span>
    </p>
   </div>
   <div class='ocr_carea' id='block_1_8' title="bbox 873 3448 3434 3637">
    <p class='ocr_par' dir='ltr' id='par_1_8' title="bbox 873 3448 3434 3637">
     <span class='ocr_line' id='line_1_25' title="bbox 873 3448 3434 3531; baseline 0.002 -24"><span class='ocrx_word' id='word_1_194' title='bbox 873 3448 1172 3522; x_wconf 86' lang='lat' dir='ltr'>reuocari,</span> <span class='ocrx_word' id='word_1_195' title='bbox 1220 3456 1544 3526; x_wconf 84' lang='lat' dir='ltr'>presentes</span> <span class='ocrx_word' id='word_1_196' title='bbox 1591 3450 1825 3511; x_wconf 88' lang='lat' dir='ltr'>litteras</span> <span class='ocrx_word' id='word_1_197' title='bbox 1873 3452 2215 3511; x_wconf 89' lang='lat' dir='ltr'>munimine</span> <span class='ocrx_word' id='word_1_198' title='bbox 2276 3451 2471 3511; x_wconf 90' lang='lat' dir='ltr'>nostri</span> <span class='ocrx_word' id='word_1_199' title='bbox 2530 3450 2716 3531; x_wconf 86' lang='lat' dir='ltr'>sigilli</span> <span class='ocrx_word' id='word_1_200' title='bbox 2782 3452 3205 3513; x_wconf 86' lang='lat' dir='ltr'>concessimus</span> <span class='ocrx_word' id='word_1_201' title='bbox 3255 3454 3434 3513; x_wconf 92' lang='lat' dir='ltr'>robo-</span> 
     </span>
     <span class='ocr_line' id='line_1_26' title="bbox 873 3551 2335 3637; baseline 0.001 -22"><span class='ocrx_word' id='word_1_202' title='bbox 873 3564 1058 3615; x_wconf 80' lang='lat' dir='ltr'>rataS.</span> <span class='ocrx_word' id='word_1_203' title='bbox 1129 3555 1314 3615; x_wconf 90' lang='lat' dir='ltr'>Anno</span> <span class='ocrx_word' id='word_1_204' title='bbox 1361 3557 1574 3636; x_wconf 88' lang='lat' dir='ltr'>gracie</span> <span class='ocrx_word' id='word_1_205' title='bbox 1637 3551 2006 3618; x_wconf 87' lang='lat' dir='ltr'><strong>M⁰.CC⁰.L⁰</strong></span> <span class='ocrx_word' id='word_1_206' title='bbox 2053 3558 2335 3637; x_wconf 83' lang='lat' dir='ltr'>septimO.</span> 
     </span>
    </p>
   </div>
   <div class='ocr_carea' id='block_1_9' title="bbox 869 3711 3429 4055">
    <p class='ocr_par' dir='ltr' id='par_1_9' title="bbox 869 3711 3429 4055">
     <span class='ocr_line' id='line_1_27' title="bbox 1086 3711 3427 3782; baseline 0.002 -15"><span class='ocrx_word' id='word_1_207' title='bbox 1086 3711 1370 3782; x_wconf 79' lang='lat' dir='ltr'>originale</span> <span class='ocrx_word' id='word_1_208' title='bbox 1426 3716 1854 3770; x_wconf 82' lang='lat' dir='ltr'>membraneum</span> <span class='ocrx_word' id='word_1_209' title='bbox 1912 3732 2041 3771; x_wconf 88' lang='lat' dir='ltr'>cum</span> <span class='ocrx_word' id='word_1_210' title='bbox 2100 3731 2136 3770; x_wconf 88' lang='lat' dir='ltr'>a</span> <span class='ocrx_word' id='word_1_211' title='bbox 2174 3731 2320 3770; x_wconf 79' lang='lat' dir='ltr'>zona</span> <span class='ocrx_word' id='word_1_212' title='bbox 2377 3716 2558 3771; x_wconf 81' lang='lat' dir='ltr'>serica</span> <span class='ocrx_word' id='word_1_213' title='bbox 2606 3716 2903 3771; x_wconf 87' lang='lat' dir='ltr'>rubicundi</span> <span class='ocrx_word' id='word_1_214' title='bbox 2942 3720 2998 3771; x_wconf 86' lang='lat' dir='ltr'>et</span> <span class='ocrx_word' id='word_1_215' title='bbox 3034 3716 3170 3771; x_wconf 86' lang='lat' dir='ltr'>flaui</span> <span class='ocrx_word' id='word_1_216' title='bbox 3218 3717 3427 3772; x_wconf 81' lang='lat' dir='ltr'>coleris</span> 
     </span>
     <span class='ocr_line' id='line_1_28' title="bbox 869 3802 3425 3875; baseline 0.001 -18"><span class='ocrx_word' id='word_1_217' title='bbox 869 3802 1152 3871; x_wconf 85' lang='lat' dir='ltr'>pendente</span> <span class='ocrx_word' id='word_1_218' title='bbox 1188 3803 1388 3873; x_wconf 79' lang='lat' dir='ltr'>sigillo,</span> <span class='ocrx_word' id='word_1_219' title='bbox 1427 3802 1490 3856; x_wconf 89' lang='lat' dir='ltr'>In</span> <span class='ocrx_word' id='word_1_220' title='bbox 1527 3804 1760 3859; x_wconf 82' lang='lat' dir='ltr'>archivo</span> <span class='ocrx_word' id='word_1_221' title='bbox 1799 3804 1954 3873; x_wconf 77' lang='lat' dir='ltr'>regni</span> <span class='ocrx_word' id='word_1_222' title='bbox 1994 3803 2329 3873; x_wconf 82' lang='lat' dir='ltr'>Hungariae,</span> <span class='ocrx_word' id='word_1_223' title='bbox 2369 3804 2770 3875; x_wconf 83' lang='lat' dir='ltr'>Budapestini:</span> <span class='ocrx_word' id='word_1_224' title='bbox 2824 3806 2892 3860; x_wconf 90' lang='lat' dir='ltr'>M.</span> <span class='ocrx_word' id='word_1_225' title='bbox 2933 3804 2997 3860; x_wconf 94' lang='grc' dir='ltr'>Ο.</span> <span class='ocrx_word' id='word_1_226' title='bbox 3035 3806 3097 3860; x_wconf 92' lang='lat' dir='ltr'>D.</span> <span class='ocrx_word' id='word_1_227' title='bbox 3137 3806 3193 3860; x_wconf 90' lang='lat' dir='ltr'>L.</span> <span class='ocrx_word' id='word_1_228' title='bbox 3231 3805 3425 3875; x_wconf 75' lang='lat'>32984,</span> 
     </span>
     <span class='ocr_line' id='line_1_29' title="bbox 871 3890 3429 3965; baseline 0.002 -19"><span class='ocrx_word' id='word_1_229' title='bbox 871 3891 1010 3946; x_wconf 87' lang='lat' dir='ltr'>olim</span> <span class='ocrx_word' id='word_1_230' title='bbox 1047 3891 1112 3947; x_wconf 89' lang='lat' dir='ltr'>N.</span> <span class='ocrx_word' id='word_1_231' title='bbox 1149 3892 1214 3947; x_wconf 88' lang='lat' dir='ltr'><strong>R.</strong></span> <span class='ocrx_word' id='word_1_232' title='bbox 1254 3894 1315 3947; x_wconf 80' lang='lat' dir='ltr'><strong>A.</strong></span> <span class='ocrx_word' id='word_1_233' title='bbox 1354 3894 1488 3957; x_wconf 82' lang='lat' dir='ltr'>fase,</span> <span class='ocrx_word' id='word_1_234' title='bbox 1531 3890 1651 3949; x_wconf 79' lang='lat'><strong>135.</strong></span> <span class='ocrx_word' id='word_1_235' title='bbox 1705 3894 1807 3950; x_wconf 89' lang='lat' dir='ltr'>No.</span> <span class='ocrx_word' id='word_1_236' title='bbox 1845 3894 1931 3948; x_wconf 89' lang='grc'>22.</span> <span class='ocrx_word' id='word_1_237' title='bbox 1972 3922 2042 3933; x_wconf 92' lang='lat'>-—-</span> <span class='ocrx_word' id='word_1_238' title='bbox 2081 3894 2320 3963; x_wconf 87' lang='lat' dir='ltr'>Wenzel,</span> <span class='ocrx_word' id='word_1_239' title='bbox 2360 3893 2493 3949; x_wconf 93' lang='lat' dir='ltr'>Cod.</span> <span class='ocrx_word' id='word_1_240' title='bbox 2522 3892 2654 3964; x_wconf 86' lang='lat' dir='ltr'>dipl.</span> <span class='ocrx_word' id='word_1_241' title='bbox 2711 3896 2843 3965; x_wconf 89' lang='lat' dir='ltr'>Arp.</span> <span class='ocrx_word' id='word_1_242' title='bbox 2882 3898 3031 3950; x_wconf 84' lang='lat' dir='ltr'>cont.</span> <span class='ocrx_word' id='word_1_243' title='bbox 3066 3895 3180 3950; x_wconf 87' lang='lat' dir='ltr'>Vll.</span> <span class='ocrx_word' id='word_1_244' title='bbox 3218 3913 3271 3965; x_wconf 90' lang='lat' dir='ltr'>p.</span> <span class='ocrx_word' id='word_1_245' title='bbox 3307 3894 3429 3950; x_wconf 75' lang='lat'><strong>462.</strong></span> 
     </span>
     <span class='ocr_line' id='line_1_30' title="bbox 873 3982 2721 4055; baseline 0.002 -20"><span class='ocrx_word' id='word_1_246' title='bbox 873 3983 1042 4036; x_wconf 88' lang='lat' dir='ltr'>habet</span> <span class='ocrx_word' id='word_1_247' title='bbox 1077 3982 1136 4036; x_wconf 92' lang='lat' dir='ltr'>in</span> <span class='ocrx_word' id='word_1_248' title='bbox 1173 3986 1408 4052; x_wconf 79' lang='lat' dir='ltr'>regesto,</span> <span class='ocrx_word' id='word_1_249' title='bbox 1453 4012 1516 4025; x_wconf 91' lang='lat'>—</span> <span class='ocrx_word' id='word_1_250' title='bbox 1555 3982 1922 4055; x_wconf 70' lang='lat' dir='ltr'>Kukuljeviez</span> <span class='ocrx_word' id='word_1_251' title='bbox 1961 3984 2217 4053; x_wconf 79' lang='lat' dir='ltr'>Regesta.</span> <span class='ocrx_word' id='word_1_252' title='bbox 2254 3983 2359 4039; x_wconf 88' lang='lat' dir='ltr'>No.</span> <span class='ocrx_word' id='word_1_253' title='bbox 2398 3983 2504 4039; x_wconf 73' lang='lat'>&#39;745</span> <span class='ocrx_word' id='word_1_254' title='bbox 2542 3982 2561 4037; x_wconf 88' lang='lat' dir='ltr'>i</span> <span class='ocrx_word' id='word_1_255' title='bbox 2597 3983 2721 4039; x_wconf 74' lang='lat'><strong>746.</strong></span> 
     </span>
    </p>
   </div>
   <div class='ocr_carea' id='block_1_10' title="bbox 873 4102 1298 4109">
    <p class='ocr_par' dir='ltr' id='par_1_10' title="bbox 873 4102 1298 4109">
     <span class='ocr_line' id='line_1_31' title="bbox 873 4102 1298 4109; baseline 0 0"><span class='ocrx_word' id='word_1_256' title='bbox 873 4102 1298 4109; x_wconf 95' lang='lat' dir='ltr'> </span> 
     </span>
    </p>
   </div>
   <div class='ocr_carea' id='block_1_11' title="bbox 872 4159 3433 4303">
    <p class='ocr_par' dir='ltr' id='par_1_11' title="bbox 872 4159 3433 4303">
     <span class='ocr_line' id='line_1_32' title="bbox 1091 4159 3433 4232; baseline 0.003 -20"><span class='ocrx_word' id='word_1_257' title='bbox 1091 4160 1104 4189; x_wconf 86' lang='lat'><strong>¹</strong></span> <span class='ocrx_word' id='word_1_258' title='bbox 1143 4159 1326 4228; x_wconf 88' lang='lat' dir='ltr'>Supra</span> <span class='ocrx_word' id='word_1_259' title='bbox 1362 4160 1490 4229; x_wconf 90' lang='lat' dir='ltr'>„in“</span> <span class='ocrx_word' id='word_1_260' title='bbox 1528 4160 1681 4216; x_wconf 87' lang='lat' dir='ltr'>linea</span> <span class='ocrx_word' id='word_1_261' title='bbox 1729 4162 2174 4218; x_wconf 80' lang='lat' dir='ltr'>abbreviationis</span> <span class='ocrx_word' id='word_1_262' title='bbox 2226 4178 2460 4218; x_wconf 88' lang='lat' dir='ltr'>erronee</span> <span class='ocrx_word' id='word_1_263' title='bbox 2510 4165 2699 4232; x_wconf 79' lang='lat' dir='ltr'>posita</span> <span class='ocrx_word' id='word_1_264' title='bbox 2736 4165 2823 4217; x_wconf 83' lang='lat' dir='ltr'>est</span> <span class='ocrx_word' id='word_1_265' title='bbox 2846 4162 2977 4219; x_wconf 89' lang='lat' dir='ltr'>ideo</span> <span class='ocrx_word' id='word_1_266' title='bbox 3016 4163 3111 4217; x_wconf 87' lang='lat' dir='ltr'>hic</span> <span class='ocrx_word' id='word_1_267' title='bbox 3166 4178 3283 4217; x_wconf 89' lang='lat' dir='ltr'>non</span> <span class='ocrx_word' id='word_1_268' title='bbox 3321 4162 3433 4218; x_wconf 74' lang='lat' dir='ltr'>dis·</span> 
     </span>
     <span class='ocr_line' id='line_1_33' title="bbox 872 4249 1076 4303; baseline 0 0"><span class='ocrx_word' id='word_1_269' title='bbox 872 4249 1076 4303; x_wconf 77' lang='lat' dir='ltr'>soluta.</span> 
     </span>
    </p>
   </div>
  </div>
 </body>
</html>
