3917 5592
3026 442 3112 511 43

547 660 790 724 Nicolai
851 662 1000 725 bani
1061 663 1259 725 tocius
1329 662 1662 726 Sclauonie
1711 658 2047 742 confectaS,
2116 675 2338 744 petens
2400 686 2515 725 nos
2579 665 2793 725 humili
2856 685 3112 744 precum

545 792 686 831 cum
731 770 1054 847 instancia,
1103 781 1174 831 vt
1201 774 1462 833 easdem
1493 780 1664 834 ratas
1710 773 1943 833 habere
1977 782 2039 833 et
2070 779 2284 833 nostro
2334 773 2739 853 dignaremur
2786 774 3112 853 priuilegio

545 880 932 940 confirmare.
1003 880 1289 956 Quarum
1335 880 1587 958 quidem
1634 862 1979 940 litterarum
2025 888 2205 939 tenor
2249 880 2391 941 talis
2440 889 2563 940 est:
2635 879 2758 956 (Vi
2784 866 2883 941 de
2932 882 2972 940 d
2997 899 3034 940 o
3061 901 3111 945 c,

547 1006 598 1047 a.
657 984 840 1046 1324.
889 984 992 1047 26.
1043 988 1249 1046 ianu
1278 1007 1316 1047 a
1345 987 1478 1060 rii,
1527 1008 1556 1047 s
1584 988 1687 1047 ub
1735 988 1851 1047 No,
1901 984 2048 1063 38.>.
2098 988 2231 1047 Nos
2278 986 2469 1068 igitur
2514 987 2691 1046 iustis
2725 996 2786 1047 et
2819 988 3111 1067 legitimis

543 1093 953 1171 peticionibus
1021 1094 1216 1172 ipsius
1284 1094 1495 1154 Iacobi
1561 1094 1670 1154 filii
1737 1095 1999 1153 Wlkuta
2067 1094 2492 1154 fauorabiliter
2563 1094 2854 1169 inclinati,
2936 1096 3110 1175 ipsas

544 1201 780 1261 litteras
827 1220 951 1260 non
999 1202 1279 1277 abrasaS‚
1325 1222 1450 1262 non
1499 1203 1894 1277 cancellataS,
1943 1202 2156 1261 necin
2207 1201 2415 1281 aliqua
2461 1203 2557 1261 sui
2603 1211 2781 1281 parte
2829 1203 3111 1281 viciatas,

547 1308 622 1367 de
671 1309 866 1368 verbo
915 1310 997 1369 ad
1043 1310 1306 1369 verbum
1375 1310 1642 1369 insertas
1701 1309 1926 1369 nostris
1997 1309 2215 1369 litteris
2262 1308 2753 1389 priuilegialibus
2824 1310 3111 1370 duximus

547 1416 1024 1477 confirmandas,
1117 1420 1186 1477 In
1235 1419 1411 1477 cuius
1461 1418 1549 1478 rei
1597 1400 1965 1478 memoriam
2012 1425 2505 1497 perpetuamque
2552 1418 2926 1495 firmitatem,
2973 1438 3110 1497 pre-

547 1532 756 1584 sentes
803 1525 1229 1585 concessimus
1279 1526 1514 1585 litteras
1565 1525 1748 1605 sigilli
1795 1524 1991 1585 nostri
2040 1524 2333 1585 autentici
2383 1525 2719 1585 munimine
2766 1526 3110 1587 roboratas,

549 1633 778 1692 Datum
825 1632 888 1692 in
935 1633 1256 1712 Thoplica‚
1326 1633 1482 1693 feria
1528 1642 1708 1693 sexta
1778 1634 2063 1711 proxima
2107 1641 2251 1711 post
2296 1640 2557 1693 octauas
2604 1633 2773 1693 beati
2818 1634 3111 1694 Iohannis

549 1741 845 1818 Baptiste,
895 1761 1059 1801 anno
1109 1738 1342 1801 domini
1387 1742 1713 1801 millesimo
1761 1736 2150 1801 CCC⁰.XX⁰.
2200 1749 2393 1801 sext0.

764 1879 1049 1949 Originale
1105 1883 1548 1947 membraneum.
1624 1883 1670 1935 A
1707 1897 1857 1935 zona
1909 1881 2125 1935 sericea
2162 1882 2327 1937 viridi
2386 1882 2594 1951 pendet
2644 1882 2809 1937 valde
2860 1882 3111 1936 attritum

547 1968 809 2038 sigillum.
848 1970 908 2023 In
949 1970 1182 2025 archivo
1222 1971 1393 2025 nobil.
1433 1987 1715 2025 commun.
1754 1970 2075 2041 Turopolje.

1747 2254 1904 2328 40.
1925 2278 1930 2283 ·

761 2454 946 2515 Anno
1003 2452 1187 2517 1326.
1235 2453 1294 2517 4.
1342 2457 1630 2518 octobris,
1681 2456 2055 2538 Zagrabiae.

763 2652 997 2713 Coram
1044 2654 1314 2733 capitulo
1361 2654 1789 2735 Zagrabiensi‚
1838 2655 2135 2714 Nicolaus
2181 2654 2344 2714 filius
2376 2654 2619 2714 Nicolai
2665 2654 2771 2714 filii
2819 2655 2985 2716 Petri
3032 2656 3112 2716 de

549 2761 775 2836 Mlaca,
822 2761 1045 2821 nobilis
1095 2762 1172 2822 de
1221 2761 1466 2841 Campo
1498 2761 1930 2842 Zagrabiensi,
1978 2771 2107 2822 tam
2154 2781 2267 2840 pro
2300 2781 2386 2837 se,
2435 2780 2625 2840 quam
2672 2782 2786 2841 pro
2834 2761 3111 2842 Georgio

549 2869 737 2929 fratre
801 2888 915 2929 suo
978 2870 1220 2929 uterino
1285 2878 1346 2929 et
1402 2888 1516 2948 pro
1577 2852 2035 2929 Bartholomeo'
2085 2878 2148 2930 et
2205 2869 2537 2929 Valentino
2606 2869 2745 2929 filiis
2820 2870 3111 2929 Iohannis

550 2977 754 3055 patrui
783 2978 896 3052 sui,
945 2977 1292 3055 portionem
1340 2977 1403 3036 in
1449 2977 1848 3056 possessione
1881 2977 2193 3036 Petrouch
2240 2976 2356 3035 sub
2404 2983 2610 3036 castro
2643 2976 2893 3051 Medue,
2942 2996 3109 3057 quae

552 3086 630 3145 ad
697 3086 902 3163 ipsum
949 3093 1013 3146 et
1057 3084 1412 3164 praedictos
1480 3083 1704 3145 fratres
1753 3104 1902 3145 suos
1949 3086 2083 3145 iure
2128 3084 2545 3145 haereditario
2590 3084 2959 3162 pertinebat,
3008 3104 3101 3144 re-

551 3200 734 3269 cepta
780 3211 819 3252 a
875 3191 1179 3272 magistro
1251 3192 1552 3269 Dyonisio
1623 3176 1924 3253 canonico
1995 3191 2409 3272 Zagrabiensi
2464 3212 2591 3252 una
2637 3212 2867 3267 marca,
2938 3193 3109 3252 dedit

551 3308 612 3359 et
659 3292 916 3359 donavit
979 3299 1184 3359 eidem
1230 3299 1532 3376 Dyonisio
1595 3300 1728 3359 iure
1775 3307 2077 3378 perpetuo
2130 3298 2591 3377 possidendam.

759 3441 1000 3493 Ioannes
1056 3438 1298 3508 Thalem,
1357 3438 1504 3493 Mon.
1561 3438 1690 3493 hist.
1747 3438 1898 3494 civit.
1955 3430 2265 3508 Zagr'abiae
2321 3440 2358 3493 1.
2416 3430 2469 3508 p.
2521 3438 2641 3492 117.
2700 3468 2763 3476 -
2824 3437 3108 3508 originale

549 3530 990 3586 membraneum.
1047 3527 1274 3583 Sericea
1307 3528 1513 3583 'crocea
1548 3544 1695 3583 zona
1731 3529 1940 3598 pendet
1978 3528 2191 3598 absque
2229 3528 2431 3598 sigillo,
2506 3529 2571 3581 In'
2604 3528 2839 3582 archivo
2878 3528 3107 3597 capituli

547 3617 954 3687 Zagrabiensis.

1747 3852 1899 3922 41.

757 4054 944 4116 Anno
999 4048 1183 4115 1326.
1233 4052 1290 4115 5.
1341 4053 1708 4115 decembris·

757 4250 976 4311 Punek
1047 4270 1259 4312 comes
1314 4250 1778 4331 Zagrabiensis,
1847 4248 2003 4310 feria
2050 4248 2267 4329 quinta
2336 4248 2622 4329 proxima
2667 4261 2811 4331 post
2878 4250 3110 4312 festum

544 4356 712 4419 beati
757 4357 1050 4419 Andreae
1102 4359 1365 4437 apostoli
1434 4378 1706 4418 unacum
1770 4356 2049 4437 Georgio
2118 4358 2244 4418 filio
2292 4358 2553 4439 Georgii
2600 4368 2662 4419 et
2706 4360 2935 4419 Iacobo
2981 4360 3108 4419 filio

545 4466 800 4526 Wlkota
871 4466 1115 4527 comite*
1166 4465 1445 4527 terrestri
1491 4466 1568 4526 de
1617 4464 1879 4543 Camp0,
1950 4464 2258 4525 iudicibus
2306 4485 2419 4544 per
2488 4467 2809 4526 dominum
2874 4466 3108 4525 banum

545 4574 892 4633 constitutis
941 4583 1002 4633 et
1048 4573 1356 4633 universis
1388 4573 1697 4633 nobilibus
1745 4574 2077 4633 comitatus
2125 4572 2223 4633 sui
2254 4574 2318 4633 in
2349 4574 2611 4652 Toplica
2655 4592 2770 4652 pro
2815 4572 3109 4633 tribunali

545 4682 722 4755 sedit,
770 4690 886 4742 etc.

753 4820 1192 4890 Transumptum
1229 4819 1520 4875 literarum
1558 4820 1781 4875 comitis
1823 4820 2014 4875 Punek
2071 4837 2119 4875 a.
2160 4819 2315 4873 1326.
2352 4818 2401 4874 5.
2442 4819 2558 4874 dec.
2610 4818 2917 4887 Zagrabiae
2956 4834 3109 4872 ema-

545 4892 822 4979 natarum,
841 4925 943 4979 per
979 4910 1190 4964 benum
1231 4909 1432 4981 Mykch
1471 4926 1520 4964 a.
1543 4908 1800 4965 132828.
1823 4914 1932 4965 oct.
1972 4910 2305 4965 confectum.
2346 4909 2405 4962 In
2428 4908 2660 4963 archivo
2700 4906 3105 4976 archiepiscop.

543 4998 954 5067 Zagrabiensin:
993 4998 1298 5068 Privilegia
1333 5000 1371 5054 1.
1411 5000 1500 5057 23.
