3917 5592
836 442 923 504 62

842 660 1073 720 Datum
1120 660 1453 741 Zagrabie,
1523 659 1679 721 feria
1726 661 2008 721 secunda
2051 660 2336 739 proxima
2383 670 2524 739 post
2590 660 2964 720 dominicam
3013 661 3192 735 oculi,
3239 681 3402 721 anno

838 766 1071 827 domini
1120 762 1622 828 M⁰.CCC⁰.XL⁰.
1670 767 1951 847 septimo.

1053 905 1337 977 originale
1374 909 1799 963 membraneum
1841 924 1968 963 cum
2008 909 2224 963 sericea
2261 925 2406 963 zona
2443 909 2642 964 viridis
2668 913 2725 964 et
2749 910 2899 964 rubri
2941 910 3148 964 coloris
3186 911 3400 979 absque

836 996 1021 1065 sigillo
1060 996 1433 1066 appendente.
1489 998 1551 1051 ln
1589 998 1823 1053 archivo
1864 1015 2068 1053 comm.
2110 1000 2238 1053 nob.
2279 999 2348 1052 de
2386 998 2707 1069 Turopolje.

1063 1176 1073 1203 ¹
1113 1176 1212 1232 sic.
1288 1176 1307 1205 ²
1346 1176 1443 1233 sic.
1520 1174 1541 1205 ⁸
1580 1176 1677 1232 sic.

1048 1665 1235 1723 Anno
1291 1662 1473 1724 1349.
1526 1665 1583 1725 5.
1635 1664 1799 1725 iunii.
1848 1666 2217 1746 Zagrabiae.

836 1858 1175 1924 Nicolaus
1205 1859 1429 1923 banus
1476 1858 1694 1922 totius
1726 1858 2148 1937 Sclavoniae,
2197 1860 2500 1943 capitulo
2532 1860 2850 1925 ecclesiae
2881 1860 3398 1945 Zagrabiensis,

840 1970 919 2031 ut
964 1968 1305 2053 quasdam
1368 1966 1727 2050 portiones
1789 1968 2388 2050 possessionarias
2435 1969 2514 2031 in
2573 1966 3001 2031 Petrusouch
3062 1970 3128 2031 et
3187 1968 3404 2053 Raky-

836 2074 1059 2147 touch,
1108 2095 1284 2160 quas
1338 2072 1728 2158 Gregorius
1762 2072 1974 2157 filius
2036 2072 2374 2157 Stephani
2424 2095 2505 2137 ac
2551 2074 2802 2157 Rodyk,
2857 2074 3048 2138 Leuk
3092 2078 3156 2138 et
3219 2074 3402 2159 Woy-

836 2181 1001 2247 nich
1064 2180 1205 2245 sibi
1268 2182 1586 2246 vicissim
1636 2181 2141 2266 relinquerunt,
2211 2181 2587 2246 reambulet
2635 2184 2694 2245 et
2739 2180 2822 2245 de
2877 2182 3266 2266 quantitate
3324 2204 3408 2246 ac

1565 2288 1899 2375 qualitate
1944 2289 2341 2366 earundem,
2399 2288 2673 2373 referat.

1056 2488 1219 2548 Viris
1268 2488 1551 2547 discretis
1602 2498 1663 2547 et
1708 2488 1988 2547 honestis
2037 2488 2306 2566 capitulo
2354 2488 2800 2567 Zagrabiensis
2848 2488 3129 2563 ecclesie,
3192 2489 3406 2550 amicis

836 2596 968 2657 suis
1018 2595 1381 2655 reuerendis
1428 2594 1728 2655 Nicolaus
1776 2595 1977 2655 tocius
2025 2595 2360 2657 Sclauonie
2393 2604 2456 2655 et
2496 2594 2764 2655 Croacie
2810 2595 3012 2654 banus
3063 2595 3408 2656 amiciciam

835 2711 1124 2783 paratam
1171 2722 1313 2764 cum
1347 2704 1564 2763 salute.
1614 2702 1949 2777 NoueritiS,
1998 2704 2166 2781 quod
2195 2703 2542 2783 Gregorius
2589 2703 2750 2763 filius
2782 2703 3085 2781 Stephani
3132 2704 3211 2764 ab
3259 2724 3401 2779 vna,

834 2812 983 2872 item
1010 2812 1231 2889 Rodyk
1279 2810 1441 2885 filius
1469 2812 1767 2885 Pozotha,
1816 2811 1993 2869 Leuk
2023 2809 2187 2871 filius
2233 2811 2454 2888 Radyn
2489 2817 2551 2870 et
2581 2810 2873 2887 Woynch
2919 2810 3081 2870 filius
3113 2811 3406 2871 Iohannis

834 2919 1059 2980 fratres
1106 2919 1421 2998 patrueles
1472 2918 1665 2997 ipsius
1727 2919 1966 2995 Rodyk,
2015 2938 2092 2978 ex
2141 2919 2336 2978 altera
2383 2937 2595 2978 coram
2643 2918 2823 2977 nobis
2872 2917 3204 2992 constituti,
3274 2918 3408 2997 pari

838 3029 1157 3088 voluntate
1220 3028 1563 3088 retulerunt
1629 3027 2019 3088 concorditer
2067 3046 2192 3086 vna
2257 3046 2431 3101 voce,
2502 3027 2671 3106 quod
2717 3026 2834 3105 ipsi
2898 3045 3117 3086 omnes
3181 3045 3405 3086 causas

840 3155 949 3196 seu
999 3136 1137 3195 lites
1185 3130 1472 3194 manere¹
1520 3135 1843 3213 hucusque
1907 3134 2068 3194 inter
2117 3134 2286 3212 ipsos
2349 3142 2552 3193 motas
2601 3142 2664 3193 et
2710 3141 2959 3192 exortas
3011 3134 3259 3212 penitus
3307 3152 3402 3194 se-

840 3244 1097 3303 dassent
1144 3250 1206 3301 et
1252 3242 1580 3320 sopissent,
1656 3252 1718 3301 et
1764 3242 1846 3301 ad
1891 3241 2066 3319 pacis
2115 3240 2406 3300 vnionem
2455 3260 2530 3301 ac
2576 3240 2909 3300 concordie
2964 3240 3168 3301 taliter
3216 3241 3403 3300 deue-

836 3350 1105 3409 nissent:
1154 3356 1221 3407 vt
1251 3348 1665 3426 prenominati
1698 3348 1936 3424 Rodyk,
1986 3348 2162 3407 Leuk
2192 3357 2255 3408 et
2285 3349 2577 3425 VVoynch
2623 3368 2842 3409 omnes
2875 3348 3405 3427 possessionarias

840 3456 1167 3536 porciones
1200 3457 1494 3535 ipsorum,
1543 3474 1665 3534 que
1696 3454 1962 3514 fuissent
2006 3454 2168 3513 intra
2198 3463 2399 3515 metas
2446 3455 2862 3533 possessionis
2894 3454 3089 3533 ipsius
3119 3454 3410 3535 Gregorii

838 3566 1270 3625 Pethrusouch
1320 3572 1559 3638 vocate,
1606 3562 1870 3637 habitaS,
1918 3561 2036 3640 ipsi
2081 3562 2393 3641 Gregorio
2440 3571 2743 3641 perpetuo
2792 3562 3201 3642 reliquissent,
3249 3561 3410 3622 sicut

840 3673 1010 3752 prius
1060 3673 1222 3733 idem
1274 3672 1621 3751 Gregorius
1669 3671 1841 3729 iuxta
1886 3678 2170 3729 tenorem
2216 3669 2560 3729 litterarum
2609 3668 2842 3729 domini
2889 3670 3057 3750 regis
3104 3689 3248 3731 cum
3295 3670 3403 3729 ho-

840 3781 1108 3840 minibus
1158 3780 1439 3839 eiusdem
1488 3787 1549 3838 et
1596 3785 1805 3838 vestro
1852 3776 2338 3837 reambulandas
2387 3797 2528 3837 cum
2575 3777 3053 3838 limitacionibus
3100 3786 3408 3837 metarum

840 3896 1277 3967 occupauerat,
1326 3895 1393 3946 vt
1439 3886 1682 3965 plenius
1730 3883 1791 3944 in
1838 3884 1990 3963 ipsis
2041 3884 2258 3945 litteris
2307 3885 2530 3945 vestris
2577 3885 2815 3963 patebit
2861 3905 2994 3945 sew
3043 3886 3407 3947 continetur,

844 3995 1124 4057 similiter
1171 3996 1231 4054 in
1280 3994 1680 4072 possessione
1729 3994 2098 4069 Rakytouch
2145 3993 2410 4068 habitaS,
2459 3992 2734 4071 exceptis
2784 3993 3029 4053 duabus
3075 3992 3410 4071 particuIiS,

843 4122 1000 4183 quas
1050 4104 1207 4162 duas
1256 4101 1592 4179 particulas
1654 4110 1819 4160 terre
1866 4101 2030 4160 intra
2077 4110 2276 4160 metas
2324 4100 2518 4179 ipsius
2578 4099 2996 4178 possessionis
3043 4100 3412 4177 Rakytouch

842 4210 1107 4283 habitaS‚
1157 4209 1321 4267 idem
1372 4208 1716 4287 Gregorius
1748 4228 1782 4267 e
1816 4226 2123 4266 conuerso
2172 4207 2464 4284 predictis
2497 4209 2737 4284 Rodyk,
2785 4207 2962 4267 Leuk
3011 4215 3072 4266 et
3117 4208 3411 4284 Woynch

844 4326 1147 4397 perpetuo
1213 4314 1563 4393 reliquisset
1611 4316 1725 4374 sub
1786 4314 1891 4374 tali
1952 4323 2164 4374 tamen
2214 4314 2624 4394 obligamine:
2695 4323 2763 4374 vt
2828 4314 2880 4373 si
2942 4334 3068 4393 qua
3130 4314 3413 4393 parcium

842 4426 1121 4504 ipsarum
1171 4422 1569 4482 concordiam
1633 4442 1744 4481 seu
1806 4440 2031 4499 pacem
2078 4422 2578 4500 quandocunque
2639 4422 2704 4481 in
2763 4422 3061 4500 temporis
3109 4422 3413 4483 curriculo

843 4531 1151 4593 remoueri
1198 4530 1563 4605 intenderet,
1610 4538 1835 4589 extunc
1882 4529 2337 4609 quinquaginta
2385 4548 2646 4604 marcaS‚
2695 4529 2955 4589 totidem
3002 4529 3205 4604 iudici,
3257 4537 3404 4590 ante

844 4640 965 4699 litis
1015 4640 1371 4719 ingressum
1420 4636 1579 4715 parti
1626 4638 1726 4695 vel
1771 4636 2054 4714 partibus
2100 4656 2323 4715 pacem
2378 4636 2737 4696 obseruanti
2783 4638 2885 4695 vel
2931 4636 3415 4697 obseruantibus

846 4748 1091 4806 soluere
1140 4753 1443 4805 teneatur.
1492 4745 1617 4803 Sed
1666 4764 1858 4822 quum
1905 4764 2022 4802 uos
2071 4745 2148 4804 de
2208 4744 2552 4823 quantitate
2601 4754 2662 4803 et
2709 4744 3006 4822 qualitate
3053 4764 3171 4805 nec
3217 4744 3414 4805 nomi-

846 4854 1030 4914 nibus
1095 4852 1400 4912 dictarum
1470 4852 1911 4931 particularum
1960 4860 2266 4911 terrarum
2341 4852 2474 4911 siue
2523 4850 2930 4930 separacione
2999 4852 3077 4911 ab
3151 4852 3414 4912 aliorum

844 4960 1345 5045 possessionibus
1376 4961 1823 5026 reambulando
1850 4970 1912 5024 et
1937 4960 2121 5023 certis
2155 4959 2351 5043 signis
2385 4958 2712 5022 metalibus
2739 4958 3039 5043 erigendo
3067 4960 3414 5025 eorundem
