3917 5592
2966 466 3096 527 457

536 682 740 759 visim,
788 682 1192 743 exhibitorem
1242 702 1374 742 sew
1422 682 1798 742 exhibitores
1844 682 2258 760 presencium,
2308 690 2533 757 actum,
2576 674 2811 742 factum
2858 689 2920 741 et
2961 700 3099 759 pro-

533 798 817 851 curatum
877 789 1062 851 fuerit
1121 790 1185 849 in
1241 789 1450 850 causis
1498 789 1774 869 ipsorum
1840 788 2166 849 universis,
2230 790 2565 849 Presentes
2629 796 2839 849 autem
2895 788 3099 869 sigillo

533 897 776 978 egregii
837 897 1128 959 Iohannis
1177 898 1256 959 de
1304 897 1563 976 GepeW,
1621 897 1868 957 comitis
1912 896 2111 957 nostri
2155 896 2602 977 Zagrabiensis
2649 896 2909 957 fecimus
2956 914 3100 956 con-

531 1004 786 1087 signari.
858 1006 1092 1065 Datum
1153 1003 1484 1086 Zagrabie,
1551 1004 1710 1065 teria
1772 1012 1947 1065 sexta
2027 1005 2311 1083 proxima
2382 1011 2524 1083 post
2595 1003 2825 1065 festum
2901 1004 3102 1064 sancti

532 1115 704 1196 regis
773 1114 1104 1193 Stephani,
1183 1131 1350 1174 anno
1430 1112 1664 1174 domini
1733 1113 2063 1174 millesimo
2143 1112 2760 1193 quadringentesimo
2838 1130 3101 1191 sexage-

533 1222 690 1285 simo
738 1230 932 1283 sexto.

742 1329 1118 1391 Inferius
1163 1330 1248 1389 in
1296 1330 1504 1390 dext.
1550 1329 1960 1411 margine:
2011 1331 2206 1389 Lecta
2251 1336 2316 1389 et
2360 1337 2657 1389 correcta.

741 1438 826 1498 In
873 1439 1157 1499 dorso:
1207 1438 1402 1499 Lecta
1449 1444 1514 1497 et
1559 1445 1842 1497 correcta
1883 1455 1999 1515 per
2044 1436 2415 1517 magistrum
2462 1436 2761 1515 Pe[trum]
2813 1483 2827 1497 .
2877 1484 2889 1497 .
2938 1482 2953 1497 .

748 1576 1032 1647 originale
1059 1580 1436 1640 chartaceum,
1463 1576 1522 1631 in
1550 1575 1828 1646 superiori
1853 1574 2085 1631 sinistra
2108 1580 2272 1646 parta
2296 1592 2577 1645 mancum,
2604 1592 2639 1630 a
2666 1579 2819 1645 tergo
2847 1575 3099 1645 appressi

532 1667 694 1737 parvi
734 1667 902 1737 sigilli
939 1666 1255 1736 vestigium.

762 1830 775 1858 ¹
815 1828 912 1883 sic.
985 1828 1004 1857 ²
1041 1827 1311 1897 scriptum
1349 1826 1464 1882 »De
1503 1826 1808 1897 Wanych«.
1884 1827 1904 1857 ⁸
1940 1826 2039 1881 sic.

1361 2227 1390 2251 d
1730 2182 1942 2256 ³⁰²·

751 2404 939 2468 Anno
996 2402 1181 2465 1466.
1239 2403 1333 2465 15.
1382 2404 1670 2465 octobris,

531 2616 844 2685 Mathia-s
865 2618 1287 2705 Hungariae
1309 2622 1426 2684 etc.
1460 2638 1600 2698 rex,
1625 2618 2086 2703 privilegium
2110 2616 2273 2683 Bele
2296 2617 2717 2705 Hungariae
2738 2622 2855 2684 etc.
2890 2620 3097 2705 regie,

533 2748 666 2813 quo
712 2748 773 2792 a.
820 2742 994 2808 1225.
1042 2728 1347 2793 maiores
1376 2726 1724 2793 nobilium
1755 2726 2006 2812 Campi
2036 2724 2534 2811 Zagrabiensis
2578 2725 2877 2792 nobitati
2907 2730 3099 2805 sunt,-

1614 2834 2001 2920 confirmat.

1959 3048 2301 3105 Commissio
2338 3049 2571 3120 propria
2608 3049 2823 3105 domini
2862 3050 3024 3119 regis.

689 3198 692 3203 ·
744 3184 1020 3244 Mathias
1069 3182 1171 3243 dei
1217 3164 1434 3263 gracia
1477 3180 1822 3262 Hungarie‚
1869 3182 2211 3257 Dalmacie,
2260 3180 2544 3257 Croacie,
2594 3174 2809 3255 Rame,
2855 3180 3093 3255 Seruie,

534 3290 810 3365 Gallicie,
857 3290 1245 3364 Lodomerie,
1311 3289 1618 3349 Comanie
1683 3289 2105 3369 Bulgarieque
2154 3306 2263 3349 rex
2311 3289 2600 3349 omnibus
2645 3288 2882 3349 Christi
2918 3276 3105 3350 ''fid-ea

534 3397 694 3457 libus
725 3398 1118 3476 presentibus
1150 3396 1382 3476 pariter
1429 3404 1491 3457 et
1535 3396 1757 3456 futuris
1788 3416 2051 3475 presens
2084 3396 2381 3475 scriptum
2417 3396 2789 3476 inspecturis
2822 3398 3092 3457 salutem

531 3505 594 3564 in
641 3506 918 3565 omnium
964 3506 1293 3566 saluatore.
1342 3504 1444 3564 Ad
1491 3504 1926 3564 universorum
1976 3504 2269 3564 noticiam
2314 3503 2537 3563 harum
2586 3500 2747 3565 serie
2794 3506 3091 3564 volumus

530 3613 875 3691 pervenire,
937 3613 1106 3693 quod
1169 3620 1380 3673 nostre
1449 3612 1798 3673 maiestatis
1867 3612 2193 3673 venientes
2263 3611 2326 3671 in
2397 3612 2789 3692 presenciam
2864 3598 3113 3673 fideles·

528 3722 738 3797 nostri,
814 3722 1120 3782 discretus
1170 3729 1232 3781 et
1292 3720 1532 3781 nobiles
1599 3720 1732 3796 viri,
1803 3720 2121 3780 Fabianus
2182 3719 2505 3799 presbiter,
2575 3729 2759 3782 natus
2829 3720 3093 3781 Dionisii

524 3830 825 3907 Myksyth
895 3816 975 3890 de
1043 3828 1323 3889 Inferiori
1383 3828 1752 3903 Lokawecz,
1821 3828 2150 3888 Emericus
2220 3826 2517 3903 literatuS,
2586 3828 2777 3905 filius⁸
2820 3829 3088 3888 condam

527 3936 826 3997 Anthonii
871 3936 1345 4014 Petrussawyth
1377 3934 1522 3996 dicti
1555 3937 1634 3996 de
1668 3936 2090 4013 Lompnyeza,
2139 3942 2202 3995 et
2247 3935 2557 3995 Iohannes
2588 3934 2913 3996 Benedicti
2944 3936 3087 4017 Iag-
3120 3946 3123 3950 ’

528 4045 694 4122 nych
739 4044 1080 4123 nuncupati
1129 4044 1208 4104 de
1255 4043 1574 4123 Superiori
1635 4044 2004 4117 Lokawecz‚
2052 4043 2115 4102 in
2172 4043 2454 4121 ipsorum
2518 4061 2591 4103 ac
2654 4043 3117 4103 universorum·

529 4151 826 4212 nobilium
874 4150 1101 4229 Campi
1147 4150 1612 4232 ZagrabiensiS,
1673 4150 1930 4210 fratrum
1982 4149 2275 4239 videlicet
2320 4169 2576 4210 suorum
2638 4150 3087 4237 generaciona-

527 4260 678 4319 lium
724 4258 1026 4338 personiS,
1074 4259 1486 4320 exhibuerunt
1533 4257 1712 4320 nobis
1761 4258 2069 4337 quasdam
2116 4259 2326 4319 literas
2390 4260 2658 4320 condam
2706 4258 3085 4319 serenissimi

529 4366 824 4445 principis
887 4366 1119 4427 domini
1186 4367 1338 4425 Bele
1409 4366 1578 4445 regis
1648 4365 1993 4446 Hungarie‚
2063 4366 2527 4444 predecessoris
2596 4366 2811 4442 nostri,·
2862 4366 3086 4447 ‘sigillo

537 4474 817 4535 eiusdem
863 4474 1224 4552 inpendenti
1257 4454 1680 4553 consignatas,
1728 4472 1954 4552 quibus
1987 4472 2403 4533 mediantibus
2448 4474 2615 4533 idem
2663 4456 2930 4534 condam
2978 4474 3085 4533 do-

526 4580 732 4641 minus
799 4582 954 4641 Bela
997 4580 1141 4656 rex,
1204 4581 1461 4641 eosdem
1523 4580 1762 4640 nobiles
1823 4579 2185 4640 nobilitasse
2235 4587 2298 4639 et
2342 4580 2668 4641 libertasse
2693 4652 2703 4657 ,
2730 4580 3072 4641 dinoscitur

530 4688 764 4748 tenoris
811 4687 1204 4767 infrascripti,
1251 4686 1672 4767 supplicantes
1735 4686 2049 4747 maiestati
2110 4695 2339 4761 nostre,
2386 4687 2448 4746 in
2496 4687 2625 4747 suis
2674 4695 2737 4747 et
2780 4677 3124 4763 dictorum}

533 4795 830 4855 nobilium
875 4794 1136 4856 fratrum
1183 4814 1438 4855 suorum
1485 4795 1769 4873 personis
1831 4794 2158 4869 humiliter,
2205 4803 2274 4853 ut
2320 4796 2578 4855 easdem
2640 4795 2851 4856 literas
2898 4804 3085 4871 rataS,

533 4910 750 4983 gratas
799 4884 860 4963 εἰ
910 4910 1202 4981 acceptas
1231 4904 1556 4977 habenteS,
1604 4902 1960 4991 nostrisque.
2004 4901 2198 4962 literis
2227 4902 2717 4982 privilegialibus
2766 4904 2843 4962 de
2891 4894 3086 4963 verbo

530 5011 614 5070 ad
658 5010 922 5070 verbum
968 5010 1154 5071 inseri
1201 5010 1507 5083 faciendO,
1555 5010 1812 5069 easdem
1860 5017 1922 5069 et
1969 5009 2179 5068 omnia
2225 5009 2286 5068 in
2334 5010 2423 5069 eis
2471 5017 2779 5085 contenta,
2826 5010 2977 5089 ipsis
3025 4988 3133 5070 et³³
