3917 5592
802 413 813 424 ο
846 471 977 542 352

1060 913 1247 974 Anno
1302 910 1486 974 1455.
1546 912 1639 973 19.
1689 915 1956 990 augusti.

849 1125 1102 1190 Coram
1148 1125 1451 1210 capitulo
1498 1124 1819 1190 ecclesiae
1864 1123 2380 1210 ZagrabiensiS,
2445 1124 2754 1210 Egidius
2815 1124 3153 1209 carnifex,
3197 1124 3408 1210 filius

776 1281 783 1288 .
842 1232 1157 1297 Emerici
1190 1230 1603 1314 Bedewlych,
1652 1231 1982 1296 Blasium
2017 1230 2264 1316 filium
2297 1230 2610 1297 Matthiae
2639 1234 2705 1295 et
2734 1223 3188 1302 Benedictum
3224 1232 3407 1297 Κνα-

839 1339 1035 1425 pych‚
1082 1361 1347 1404 necnon
1410 1336 1819 1424 Philippum
1882 1341 1947 1402 et
2008 1337 2332 1404 Marcum
2384 1337 2586 1423 filios
2653 1329 2849 1403 'Iwan
2897 1337 2980 1404 de
3025 1339 3278 1416 Mlaka,
3321 1337 3407 1402 ab

846 1448 1295 1534 occupatione
1359 1445 1804 1534 quarundam
1858 1447 2384 1532 possessionum
2442 1447 2522 1511 in
2569 1445 2820 1524 Mlaka,
2872 1433 3238 1532 Hrelynch'
3287 1465 3410 1511 seu
3461 1523 3469 1532 ι

1578 1551 1841 1638 Oresya
1886 1552 2303 1633 habitarum,
2343 1551 2676 1638 prohibet.

1062 1772 1196 1832 Nos
1229 1770 1565 1849 capitulum
1613 1770 1877 1830 ecclesie
1922 1769 2369 1851 Zagrabiensis
2401 1769 2702 1831 memorie
2736 1771 3249 1834 commendamus
3295 1791 3407 1850 per

849 1887 1192 1958 presenteS,
1239 1878 1407 1957 quod
1452 1869 1717 1958 Egidius
1765 1877 2040 1937 carnifex
2086 1877 2248 1937 filius
2295 1876 2565 1938 Emerici
2597 1869 2977 1954 Bedewlych
3013 1877 3174 1951 dicti,
3209 1897 3406 1958 gener

848 2005 998 2046 vero
1046 1986 1313 2046 condam
1363 1984 1560 2044 Marci
1608 1983 1831 2063 supani
1877 1983 1987 2043 filii
2031 1985 2205 2044 Iwan
2250 1984 2336 2043 fili
2382 1984 2594 2044 Laczk
2640 1983 2719 2044 de
2776 1984 3009 2060 Mlaka,
3057 1984 3120 2044 in
3167 2004 3283 2045 sua
3331 2005 3404 2046 ac

846 2092 1095 2154 domine
1128 2093 1383 2173 Agatha
1433 2099 1673 2166 vocate,
1708 2091 2014 2151 consortis
2045 2110 2159 2152 sue
2191 2090 2512 2171 legittime,
2544 2091 2670 2152 filie
2703 2111 2855 2152 vero
2887 2092 3110 2170 prefati
3136 2093 3402 2154 condam

844 2200 1046 2262 Marci
1092 2201 1334 2280 supani‚
1380 2206 1443 2260 et
1488 2199 1667 2260 Pauli
1712 2199 1821 2258 filii
1866 2198 1964 2259 sui
2012 2219 2088 2259 ex
2135 2199 2304 2260 dicta
2349 2199 2603 2260 domina
2649 2200 2906 2280 Agatha
2952 2209 3242 2260 consorte
3289 2220 3404 2261 sua

849 2307 1161 2389 progeniti
1204 2291 1522 2386 personis3
1586 2307 1735 2368 item
1785 2305 1848 2365 in
1908 2306 2194 2384 personis
2255 2307 2498 2368 Thome
2561 2306 2668 2366 filii
2731 2308 3000 2368 condam
3061 2307 3403 2368 Clementis

846 2415 955 2476 filii
999 2415 1222 2494 prefati
1283 2415 1553 2476 condam
1617 2414 1817 2474 Marci
1878 2414 2104 2493 supani
2167 2422 2231 2474 et
2275 2416 2444 2474 Luce
2502 2414 2612 2475 filii
2659 2415 2942 2476 eiusdem
3003 2417 3246 2477 Thome
3293 2415 3400 2478 filii

845 2522 1041 2602 ipsius
1106 2521 1451 2582 Clementis
1517 2540 1591 2582 ac
1652 2522 1819 2582 Petri
1880 2521 1989 2582 filii
2046 2522 2314 2582 condam
2379 2522 2622 2582 Thome
2685 2541 2948 2600 supany‚
3008 2523 3115 2583 filii
3181 2501 3402 2602 prefati

845 2632 1113 2692 condam
1158 2630 1357 2690 Marci
1406 2630 1645 2708 supani,
1694 2631 1776 2690 ad
1821 2637 2103 2690 nostram
2164 2629 2574 2709 personaliter
2618 2631 2928 2691 veniendo
2989 2631 3398 2711 presenciam,

844 2738 1025 2800 nobis
1072 2757 1185 2818 per
1230 2738 1485 2798 modum
1548 2737 2024 2815 protestacionis
2073 2745 2136 2798 et
2180 2737 2569 2798 inhibicionis
2625 2738 2981 2818 significare
3045 2739 3286 2799 curavit
3323 2738 3393 2799 in

847 2848 1013 2907 hunc
1058 2847 1331 2921 modum,
1380 2846 1547 2925 quod
1578 2837 1763 2924 prout
1808 2845 1941 2923 ipse
1991 2845 2376 2924 percepisset
2423 2852 2486 2905 et
2518 2845 2597 2905 ab
2627 2845 2880 2906 Vrbano
2927 2845 3094 2906 dicto
3127 2845 3398 2919 Gerdak,

848 2953 975 3016 filio
1022 2954 1289 3014 condam
1337 2933 1645 3033 Gregorii·
1673 2952 1782 3012 filii
1841 2951 2134 3012 Iohannis
2183 2953 2261 3012 de
2308 2952 2454 3012 villa
2515 2953 2906 3030 Dobranczy‚
2971 2953 3034 3013 in
3087 2952 3400 3013 montibus

845 3070 1061 3123 sancte
1109 3061 1451 3121 Katherine
1498 3061 1561 3120 in
1608 3059 1904 3120 comitatu
1952 3060 2182 3139 Gampi
2228 3060 2674 3141 Zagrabiensis
2725 3060 2861 3136 sita,
2907 3060 3244 3141 iobagione
3290 3080 3391 3121 ca-

844 3169 1069 3230 strensi
1116 3169 1262 3229 dicti
1308 3168 1535 3247 Campi
1582 3168 2029 3249 Zagrabiensis
2077 3168 2512 3249 generacionis
2575 3168 2999 3246 Dobranychy
3045 3177 3286 3244 vocate,
3335 3177 3399 3229 et

845 3277 980 3338 aliis
1027 3277 1319 3339 fratribus
1366 3277 1495 3338 suis
1542 3277 1925 3356 patruelibus
1973 3276 2409 3357 generacionis
2473 3276 2771 3351 eiusdem,
2835 3296 3080 3337 necnon
3129 3295 3168 3337 a
3214 3275 3399 3338 certis

846 3385 1176 3466 fidedignis
1225 3385 1373 3445 viris
1438 3384 1947 3445 certitudinaliter
1995 3392 2057 3445 et
2113 3403 2229 3464 pro
2277 3403 2429 3444 vero
2491 3384 2864 3459 rescivisset,
2929 3385 3099 3464 quod
3154 3384 3401 3445 Blasius

843 3491 1005 3553 filius
1046 3492 1284 3553 Mathie
1332 3492 1411 3552 de
1456 3492 1677 3552 Mlaka
1722 3500 1784 3553 et
1829 3491 2208 3552 Benedictus
2271 3491 2564 3570 Krupycz
2613 3492 2830 3566 dictuS‚
2878 3511 3078 3572 gener
3124 3493 3392 3553 condam

844 3599 1105 3680 Georgii
1132 3591 1244 3660 'filii
1276 3599 1517 3660 Nicolai
1562 3599 1671 3660 filii
1702 3599 1896 3678 ipsius
1945 3589 2171 3675 Laczk‘,
2212 3619 2287 3664 ac
2316 3600 2674 3678 Stephanus
2722 3600 3142 3677 Kurenchych
3158 3595 3188 3676 ¹,
3239 3599 3398 3660 filius

844 3708 1111 3768 condam
1156 3706 1409 3766 Andree
1453 3705 1561 3767 filii
1606 3706 1828 3783 prefati
1875 3706 2119 3766 Nicolai
2164 3706 2274 3766 filii
2319 3706 2541 3785 prefati
2589 3707 2816 3782 Laczk‚
2885 3707 3235 3786 predictum
3280 3707 3399 3766 Vr-

843 3816 1076 3876 banum
1123 3815 1355 3875 dictum
1401 3801 1658 3874 Gerdak
1707 3823 1769 3875 et
1814 3833 2035 3874 omnes
2079 3814 2306 3876 fratres
2354 3814 2506 3890 eiuS‚
2540 3823 2669 3875 tam
2716 3817 3002 3876 carnales
3049 3835 3240 3894 quam
3286 3834 3394 3894 pa-

844 3923 1073 3983 trueles
1121 3927 1309 4000 quam
1358 3921 1559 3982 eciam
1630 3922 2147 4002 generacionales
2213 3923 2490 4000 predicte
2551 3923 2987 4002 generacionis
3061 3923 3402 3983 eorundem

844 4029 1264 4107 Dobranychy
1324 4037 1565 4104 vocate,
1630 4029 1712 4089 ad
1775 4029 2148 4111 litigandum
2215 4048 2358 4089 cum
2423 4029 2667 4108 prefato
2729 4031 2974 4090 Thoma
3037 4029 3162 4090 filio
3208 4029 3403 4109 ipsius

844 4137 1207 4211 ClementiS,
1252 4155 1366 4214 pro
1399 4135 1773 4216 quibusdam
1804 4136 2308 4216 possessionibus
2341 4135 2622 4197 eiusdem
2648 4138 2889 4198 Thome
2929 4137 3034 4198 filii
3067 4137 3215 4198 dicti
3259 4136 3403 4198 Cle·

844 4243 1068 4304 mentis
1116 4251 1179 4304 et
1223 4242 1443 4322 prefati
1506 4243 1673 4303 Petri
1738 4243 1845 4303 filii
1904 4228 2098 4323 ipsius
2161 4243 2404 4304 Thome
2468 4243 2692 4322 supani
2738 4244 2801 4304 in
2847 4244 3129 4323 predicta
3185 4245 3403 4305 Mlaka

842 4349 1087 4424 habitis,
1134 4349 1589 4431 quinquaginta
1635 4351 1909 4430 quinque
1942 4349 2366 4412 dimensiones
2413 4352 2584 4431 wlgo
2617 4352 2897 4412 wrethen
2930 4358 3190 4412 vocatas
3237 4351 3298 4411 in
3331 4370 3401 4411 se

845 4457 1315 4534 continentibus,
1362 4477 1476 4536 pro
1525 4467 1695 4519 certo
1742 4459 1952 4537 precio
2000 4457 2393 4536 infrascripto
2440 4459 2865 4539 instigassent,
2912 4459 3303 4520 induxissent
3335 4465 3398 4519 et

844 4565 1298 4640 informassent,
1333 4565 1421 4626 ita
1446 4566 1751 4641 videlicet,
1789 4569 1957 4646 quod
1994 4566 2274 4646 prefatus
2313 4567 2560 4626 Blasius
2600 4585 2714 4644 pro
2745 4566 2956 4645 precio
2997 4566 3179 4628 unius
3225 4565 3406 4646 porci„

844 4693 1031 4754 quem
1082 4674 1160 4734 ab
1209 4674 1300 4735 eis
1347 4673 1597 4736 realiter
1642 4675 1936 4753 percepit,
1984 4675 2303 4754 predictus
2342 4694 2492 4736 vero
2539 4674 2919 4735 Benedictus
2965 4673 3245 4734 similiter
3289 4692 3402 4753 pro

844 4779 1053 4862 precio
1082 4781 1265 4842 unius
1298 4781 1548 4861 ioppule
1580 4776 1791 4856 kone²‚
1839 4801 2028 4861 quam
2063 4783 2230 4844 idem
2254 4782 2633 4844 Benedictus
2658 4789 2913 4861 propter
2942 4781 3402 4842 revelacionem

845 4889 1199 4950 huiusmodi
1230 4890 1379 4950 iacti
1409 4889 1534 4950 iam
1566 4891 2030 4952 manifestatam
2064 4910 2103 4951 a
2133 4898 2373 4952 sartore
2407 4899 2470 4952 et
2515 4898 2848 4950 consutore
2881 4889 3161 4950 eiusdem
3194 4889 3400 4968 iopule

850 4997 1128 5082 recipere
1176 4997 1379 5062 renuit
1410 5005 1473 5064 et
1504 4999 1834 5075 recusavit,
1880 5007 2245 5084 prenotatus
2294 5007 2505 5064 autem
2526 5000 2886 5084 Stephanus
2933 4997 3401 5080 Kwuenchych,
