3917 5592
735 434 861 508 134

731 664 1032 724 mundum
1079 662 1386 737 collatam,
1434 675 1744 741 occupare
1795 669 1858 721 et
1903 652 2073 741 ipsos
2106 650 2170 720 in
2199 650 2467 721 eandem
2512 661 2787 720 statuere
2834 659 3299 739 procurassent,

737 790 818 831 ne
864 770 1183 850 quandam
1230 770 1694 849 possessionem
1741 768 2046 828 dictorum
2093 767 2391 828 nobilium
2438 767 2848 828 castrensium
2894 768 3299 845 Sylakowina

739 878 1132 958 appellatam,
1163 878 1323 938 inter
1354 876 1788 956 possessiones
1817 877 2263 957 Petrowynam
2292 876 2671 938 antedictam
2701 883 2763 935 et
2793 875 3293 936 Kosthanewecz

731 993 1174 1064 nuncupatam,
1247 984 1513 1048 filiorum
1580 983 1907 1044 Michaelis
1980 983 2126 1043 dicti
2172 983 2461 1061 Wythez‚
2502 982 2733 1069 iuxta,
2772 981 3033 1042 fluuium
3102 984 3299 1056 Buna,

725 1092 1020 1164 habitam,
1067 1092 1239 1170 ipsos
1286 1092 1419 1152 iure
1464 1090 1882 1152 haereditario
1907 1090 2393 1171 contingentem,
2446 1092 2527 1151 ad
2575 1090 3002 1170 saepedictam
3048 1109 3297 1169 posses-

727 1200 968 1262 sionem
1015 1200 1458 1277 Petrowynam
1509 1218 1819 1278 occupare
1865 1199 2211 1259 voluissent
2258 1244 2270 1257 .
2306 1246 2319 1259 .
2356 1244 2371 1259 .
2409 1207 2471 1259 et
2518 1199 2775 1259 eosdem
2821 1198 3299 1278 prohibuissent,

729 1308 1200 1368 considerantes
1261 1314 1475 1367 tamen
1523 1315 1585 1367 et
1632 1306 1841 1367 animo
1904 1307 2301 1367 revolventes
2348 1304 2466 1385 ipsi
2513 1305 2771 1381 nobiles,
2835 1306 3003 1385 quod
3051 1323 3300 1384 semper

730 1425 795 1476 et
840 1415 918 1475 ab
967 1414 1223 1494 antiquo
1270 1412 1386 1474 sub
1435 1415 1681 1475 cautela
1730 1421 1792 1474 et
1837 1413 2226 1491 protectione
2291 1413 2715 1492 praefatorum
2764 1413 2993 1473 civium
3040 1413 3303 1473 fuissent

735 1531 798 1583 et
843 1530 1057 1583 essent
1120 1523 1198 1582 de
1253 1520 1586 1601 praesenti,
1635 1527 1698 1581 et
1743 1520 1804 1580 in
1851 1520 2059 1581 futuro
2124 1520 2202 1580 ab
2268 1521 2504 1582 eisdem
2553 1520 2793 1581 civibus
2850 1520 3175 1581 tuitionem
3240 1527 3301 1580 et

729 1630 1182 1710 protectionem
1229 1630 1464 1690 habere
1513 1635 1840 1707 sperarent
1888 1636 1950 1688 et
1998 1636 2269 1707 sperant,
2328 1636 2391 1689 et
2436 1636 2505 1687 ut
2551 1647 2693 1687 cum
2742 1628 2978 1689 eisdem
3027 1647 3301 1688 commu-

733 1738 926 1799 nitate
974 1744 1038 1797 et
1084 1736 1323 1797 civibus
1371 1756 1447 1797 ac
1495 1755 1712 1797 eorum
1759 1735 2138 1796 haeredibus
2198 1742 2417 1795 mutua
2463 1742 2527 1795 et
2572 1735 2818 1797 sincera
2867 1736 3194 1796 dilectione
3242 1736 3305 1795 in

733 1852 1055 1923 posterum
1118 1845 1371 1904 valeant
1417 1844 1836 1923 congaudere,
1897 1842 2140 1903 nobiles
2188 1850 2251 1902 et
2300 1842 2406 1902 filii
2462 1843 2893 1917 antelatorum,
2956 1843 3018 1902 in
3067 1862 3304 1904 recom-

738 1953 1172 2032 pensationem
1217 1950 1590 2025 huiusmodi,
1638 1950 1869 2010 dictam
1915 1949 2381 2028 possessionem
2404 1950 2808 2028 Silakowyna
2853 1960 3300 2029 nuncupatam,

745 2079 886 2120 cum
935 2059 1222 2119 omnibus
1270 2057 1634 2118 utilitatibus
1683 2065 1745 2118 et
1789 2057 2192 2137 pertinentiiS‚
2223 2057 2402 2117 dictis
2436 2057 2675 2118 civibus
2724 2057 3041 2117 dedissent
3089 2065 3152 2118 et
3197 2058 3304 2117 do-

744 2173 1021 2241 nassent,
1068 2184 1211 2226 cum
1258 2165 1427 2225 omni
1475 2164 1843 2243 disponendi
1891 2172 1954 2225 et
2000 2183 2373 2243 quocunque
2407 2164 2759 2243 applicandi
2805 2164 3118 2240 facultate,
3165 2184 3305 2244 pro-

739 2276 1053 2335 mittentes
1117 2273 1315 2335 dictos
1377 2273 1546 2335 cives
1619 2274 1683 2332 in
1750 2272 2151 2352 possessione
2216 2273 2378 2333 dicte
2424 2272 2840 2352 possessionis
2904 2273 3304 2351 Silakowyna

743 2402 991 2462 semper
1037 2389 1371 2461 protegere
1420 2388 1484 2442 et
1529 2382 1865 2442 detendere
1912 2381 2179 2460 propriis
2224 2380 2542 2441 laboribus
2589 2389 2653 2441 et
2699 2382 3006 2461 expensis
3075 2382 3307 2441 Datum

745 2490 902 2551 feria
970 2488 1156 2549 tertia
1214 2488 1496 2567 proxima
1559 2496 1703 2568 post
1747 2498 2009 2549 octavas
2076 2488 2219 2548 festi
2275 2488 2601 2549 beatorum
2672 2488 2937 2568 Philippi
2985 2497 3047 2549 et
3101 2489 3307 2549 lacobi

745 2598 1186 2677 apostolorum,
1253 2615 1418 2655 anno
1465 2596 1698 2656 domini
1745 2595 2073 2656 millesimo
2119 2596 2557 2658 trecentesimo
2608 2596 3021 2676 nonagesimo
3068 2605 3306 2675 quart0.

956 2736 1200 2790 Ioannes
1237 2734 1478 2803 Tkaleic,
1517 2734 1666 2790 Mon.
1705 2734 1834 2792 hist.
1874 2734 2025 2789 civit.
2064 2734 2370 2803 Zagrabiae
2408 2734 2470 2789 11.
2509 2752 2563 2804 p.
2599 2733 2721 2790 439.
2766 2764 2827 2774 —
2867 2735 3305 2804 Transumptum

741 2823 951 2879 Vrbani
990 2824 1153 2879 electi
1210 2824 1482 2879 ecclesiae
1532 2824 1818 2891 Agriensis
1876 2840 1927 2879 a.
1969 2822 2126 2879 1487.
2175 2822 2226 2879 ὃ.
2265 2824 2595 2879 decembris.
2672 2826 2731 2877 ln
2771 2824 3005 2879 archivo
3047 2825 3139 2878 lib.
3190 2841 3299 2893 reg.

745 2914 990 2970 civitatis
1028 2912 1349 2982 Zagrabiae.

1932 3198 1976 3267 Ι.
1992 3197 2138 3269 36.

961 3398 1147 3461 Anno
1203 3395 1387 3463 1394.
1438 3395 1540 3461 26.
1589 3399 1856 3480 augusti.

961 3595 1321 3675 Capitulum
1349 3596 1653 3657 ecclesiae
1685 3593 2147 3675 ZagrabiensiS,
2180 3595 2262 3656 ad
2293 3593 2655 3673 petitionem
2690 3592 2919 3655 civium
2949 3595 3028 3656 de
3062 3593 3305 3655 Monte-

749 3702 1082 3784 grechensi
1114 3703 1192 3763 de
1223 3703 1558 3783 Zagrabia,
1606 3702 1818 3764 literas
1849 3701 2237 3782 Sigismundi
2284 3702 2651 3782 Hungariae
2699 3711 2813 3763 etc.
2846 3703 3033 3782 regiS,
3081 3703 3305 3782 quibus

748 3811 1081 3871 mandatur
1125 3811 1291 3871 bano
1338 3810 1596 3890 eiusque
1643 3809 1967 3883 vicebanO,
2015 3828 2093 3869 ne
2143 3809 2313 3871 cives
2360 3810 2593 3870 Montis
2633 3810 3011 3872 Grechensis
3058 3810 3119 3869 in
3167 3830 3309 3889 pos-

749 3917 1132 3979 sessionibus
1179 3918 1516 3979 Petrovina
1561 3925 1624 3978 et
1669 3917 1957 3979 Hrascha
2008 3913 2453 3993 turbarentur,¹
2499 3918 2844 3979 transumit.

795 4124 800 4127 ,
961 4056 1207 4112 loannes⁴
1240 4056 1481 4127 Tkaleie,
1522 4056 1668 4112 Mon.
1707 4056 1838 4111 hist.
1875 4056 2027 4112 civit.
2065 4056 2372 4127 Zagrabiae
2422 4058 2457 4111 1.
2496 4056 2620 4115 358.
2664 4088 2725 4098 —
2766 4056 3051 4126 originale
3090 4058 3309 4112 charta·

747 4161 925 4202 ceum.
968 4148 1012 4201 A
1051 4149 1204 4214 tergo
1244 4146 1542 4216 vestigium
1579 4145 1746 4214 sigilli
1784 4146 2056 4215 appressi.
2102 4147 2163 4201 In
2202 4146 2435 4202 archivo
2475 4146 2624 4203 civit.
2663 4146 2985 4215 Zagrabiae.

969 4324 986 4356 ¹
1021 4323 1162 4379 Vide
1200 4325 1323 4381 doc.
1361 4342 1412 4381 a.
1453 4322 1607 4379 1393.
1647 4325 1752 4379 sub
1799 4322 1902 4379 No.
1941 4324 2062 4379 133.
