3917 5592
2980 465 3112 532 367

1725 689 1937 762 310.

689 909 698 920 ”
763 907 949 972 Anno
1007 909 1190 973 1456.
1247 909 1342 972 14.
1391 909 1556 971 iunii.
1604 905 2001 990 Zagrabiae.'

557 1125 810 1191 Coram
843 1123 1150 1190 Iohanne
1183 1124 1486 1210 lagnycz
1530 1122 1614 1187 de
1658 1121 1895 1207 Super.
1928 1121 2326 1199 Lukawecz,
2373 1121 2622 1186 comite
2668 1111 2827 1185 tarr.⁸
2864 1110 3113 1204 Cc'zmpi

548 1232 1062 1318 Zagrabiensis,
1133 1231 1432 1298 Thomas
1481 1229 1692 1315 filius
1746 1227 2080 1314 Gregorii
2124 1228 2583 1294 Ztanilowich
2641 1228 2723 1293 de
2790 1225 2924 1312 Ins.
2974 1227 3109 1292 Lu-

549 1342 831 1420 kawecz,
879 1339 1232 1429 quandam
1278 1342 1540 1404 terram
1584 1357 1790 1402 suam-
1834 1336 2187 1414 arabilem,
2217 1337 2443 1402 decem
2485 1337 2729 1421 pensis
2776 1335 3113 1402 Dionisio

952 1447 1116 1538 filio
1171 1447 1463 1534 Georgii
1508 1445 1592 1512 de
1639 1445 2034 1524 Lukawecz,
2098 1445 2383 1531 pignori
2427 1443 2701 1529 obligat.

773 1669 906 1729 Nos
952 1668 1260 1728 Iohannes
1308 1665 1469 1726 filius
1516 1664 1840 1726 Benedicti
1901 1660 2178 1743 Iagnycz
2223 1663 2368 1724 dicti
2415 1665 2493 1723 de
2538 1641 2854 1742 Superiori
2884 1661 3119 1722 ‘Luka-.

555 1795 725 1836 wecz
774 1794 986 1836 comes
1035 1773 1262 1853 Campi
1293 1771 1738 1853 Zagrabiensis
1787 1771 2113 1834 memorie.
2139 1771 2650 1832 commendamus
2698 1789 2809 1847 per
2856 1787 3108 1847 presen-

551 1891 674 1959 teS,
721 1883 890 1963 quod
936 1883 1216 1944 Thomas
1261 1881 1423 1942 filius
1472 1879 1763 1960 Gregorii
1810 1878 1957 1939 dicti
2003 1877 2413 1939 Ztanilowich
2459 1879 2537 1938 de
2583 1875 2860 1938 Inferiori
2906 1875 3108 1936 Loka-

558 2010 753 2067 wecz,
780 1997 1058 2051 nostram
1093 1987 1504 2071 personaliter
1550 1986 1809 2048 veniens
1856 1986 1918 2046 in
1966 1986 2395 2078 presenciams
2423 1984 2747 2064 eonfessus
2796 1961 2943 2043 est¹
2966 1971 3109 2047 vive

561 2100 735 2161 vocis
782 2119 894 2160 sue
942 2098 1004 2159 in
1052 2099 1218 2158 hunc
1264 2097 1536 2172 modum,
1585 2103 1700 2157 ..ut
1720 2094 1856 2180 ipse
1903 2095 2222 2180 quandam
2266 2102 2500 2180 terram
2566 2111 2773 2151 suam
2813 2089 3110 2176 arabilem

558 2209 620 2269 in
667 2207 976 2268 territorio
1023 2183 1300 2298 predicte
1349 2205 1736 2278 Lukawecz,
1781 2203 1942 2264 inter
1987 2199 2217 2263 terram
2265 2175 2527 2286 Dionisii
2572 2199 2678 2259 filii
2724 2167 2985 2278 Georgii
3031 2197 3109 2257 de

555 2315 722 2376 dicta
767 2315 1008 2375 Lukaw
1012 2333 1120 2374 ecz
1170 2333 1209 2373 a
1253 2289 1432 2392 parte
1481 2312 1780 2387 orientali,
1827 2319 1892 2402 et
1936 2309 2105 2371 inter
2141 2283 2375 2372 terram
2417 2285 2711 2384 Ladislay
2758 2305 2864 2366 filii
2911 2304 3111 2365 Marci

556 2424 633 2483 de
683 2423 906 2483 eadem
956 2442 993 2482 a
1039 2429 1216 2500 parte
1279 2420 1667 2494 occidentali,
1715 2439 1790 2480 ac
1836 2419 1997 2478 inter
2056 2418 2315 2478 fluvium
2377 2415 2757 2495 Lompnicza
2817 2421 3109 2474 vocatum

558 2531 636 2590 ab
687 2529 960 2603 australi,
1027 2548 1146 2589 nec
1191 2547 1318 2588 non
1380 2527 1540 2588 inter
1583 2528 1844 2586 fluvium
1890 2527 2107 2586 Mlaka
2154 2543 2193 2585 a
2237 2532 2415 2605 parte
2477 2521 2864 2583 meridionali
2928 2520 3109 2582 sitam

551 2639 832 2699 habitam
855 2637 858 2641 ’
879 2646 942 2699 et
987 2637 1374 2710 existentem,
1422 2644 1563 2696 octo
1611 2629 1914 2696 minores²
1960 2633 2381 2694 dimensiones
2427 2633 2600 2713 wlgo
2648 2631 2858 2707 methy
2892 2629 3111 2691 dictas

557 2746 619 2806 in
666 2765 734 2806 se
784 2745 1223 2819 continentem,
1271 2743 1452 2804 simul
1501 2741 1643 2804 cum
1691 2742 1980 2803 omnibus
2014 2741 2295 2802 eiusdem
2342 2749 2508 2801 terre
2550 2738 2811 2800 arabilis-
2847 2757 3111 2818 proven-

559 2853 740 2928 tibus,
786 2852 1040 2928 iuribuS,
1088 2847 1321 2927 usibus,
1385 2845 1917 2911 fructuositatibus
1966 2858 2030 2910 et
2076 2848 2472 2928 pertinenciis
2538 2847 2865 2922 universiS,
2914 2865 3111 2924 usque

560 2963 640 3022 ad
688 2969 936 3040 tempus
984 2958 1439 3039 redempcionis
1469 2959 1768 3033 eiusdem,
1793 2947 2067 3036 ‘prefato
2088 2956 2371 3017 Dionisio
2403 2954 2663 3035 predicti
2711 2953 2986 3036 Georgii,
3008 2969 3013 2977 ·
3036 2971 3110 3014 ac

553 3088 667 3148 per
714 3087 858 3129 eum
905 3067 1034 3128 suis
1082 3066 1417 3128 heredibus
1465 3067 1545 3126 de
1591 3065 1871 3145 predicta
1907 3061 2289 3138 ‘LukaWecz,
2335 3082 2448 3143 pro
2497 3064 2716 3124 decem
2762 3062 2973 3141 pensis
3004 3062 3111 3122 de-

557 3176 873 3236 nariorum
930 3175 1381 3249 viennensium,
1431 3175 1510 3235 ab
1559 3174 1784 3234 eodem
1827 3167 2109 3232 Dionisio
2156 3190 2271 3250 per
2316 3171 2583 3231 eundem
2632 3171 2942 3231 Thomam
2988 3170 3110 3230 iam

561 3285 744 3363 plene
805 3283 1050 3359 habitis,
1114 3282 1202 3344 uti
1264 3283 1529 3361 ipsemet
1589 3282 1768 3342 nobis
1832 3280 2060 3340 retullit
2122 3288 2185 3341 et
2244 3279 2572 3358 perceptiS,
2629 3277 3109 3358 inpignorasset,

553 3410 766 3468 ymmo
815 3391 1236 3471 inpignoravit
1281 3409 1492 3450 coram
1539 3388 1736 3461 nobiS,
1783 3389 1870 3449 ita
1915 3395 2145 3462 tamen,
2191 3387 2361 3467 quod
2406 3386 2925 3466 quandocumque
2970 3406 3108 3465 pre·

552 3497 718 3558 fatus
767 3498 1048 3558 Thomas
1095 3504 1203 3558 aut
1249 3497 1344 3557 sui
1391 3497 1657 3557 heredes
1703 3496 1974 3574 poterint
2017 3496 2119 3555 vel
2164 3494 2473 3555 voluerint
2520 3493 2823 3553 redimere
2870 3493 3109 3572 predic-

557 3613 688 3666 tam
735 3613 967 3666 terram
1013 3625 1054 3666 a
1098 3605 1339 3684 prefato
1386 3601 1666 3665 Dionisio
1730 3611 1838 3664 aut
1884 3603 2015 3663 suis
2058 3602 2411 3676 heredibuS,
2457 3595 2607 3662 tunc
2669 3620 2917 3681 semper
2961 3601 3110 3662 libe·

501 3757 508 3766 .
552 3731 690 3774 ram
757 3709 1102 3773 redimendi
1168 3712 1486 3772 habebunt
1540 3711 1900 3772 facultatem
1944 3729 2060 3789 pro
2108 3725 2397 3788 sump‘ma
2444 3709 2707 3788 pecunie
2768 3703 3112 3788 prenotata,

553 3820 672 3879 hoc
705 3827 916 3879 tamen
949 3838 1264 3898 expressQ
1297 3819 1466 3898 quod
1497 3815 1802 3878 moliciem
1846 3824 2010 3878 terre
2044 3816 2294 3878 arabilis
2326 3817 2495 3896 wlgo
2527 3816 2821 3877 mekotha
2864 3815 3111 3891 dictam,

559 3926 874 4004 predictus
922 3927 1200 3986 Thomas
1248 3934 1356 3986 aut
1417 3925 1512 3986 sui
1573 3926 1838 3986 heredes
1888 3945 1927 3985 a
1972 3923 2214 4004 prefato
2261 3923 2541 3984 Dionisio
2591 3932 2697 3984 aut
2760 3923 2887 3984 suis
2933 3925 3110 3983 here-

556 4032 737 4093 dibus
785 4033 847 4092 in
893 4041 1174 4112 ternpore
1221 4032 1676 4112 redempcionis
1725 4051 2009 4094 asserere
2056 4051 2181 4092 non
2227 4039 2519 4110 poterunt
2565 4050 2790 4110 neque.
2819 4031 3113 4092 valebunt

555 4141 743 4201 modo
776 4140 1062 4219 aliquali3
1112 4139 1450 4218 assumpsit
1495 4139 1928 4200 nichilominus
1956 4139 2234 4218 prefatus
2267 4140 2546 4199 Thomas
2591 4146 2656 4198 et
2702 4138 2799 4199 sui
2828 4139 3112 4215 heredeS,

558 4246 905 4326 predictum
935 4247 1285 4308 Dionisium
1332 4248 1434 4308 vel
1479 4267 1629 4307 suos
1658 4248 1924 4308 heredes
1972 4248 2035 4308 in
2081 4247 2355 4309 dominio
2387 4246 2666 4306 eiusdem
2698 4254 2864 4306 terre
2913 4265 3110 4326 usque

557 4356 640 4415 ad
684 4362 932 4434 tempus
978 4354 1434 4434 redempcionis
1483 4355 1762 4416 eiusdem
1823 4362 2041 4416 contra
2087 4355 2396 4435 quoslibet
2442 4354 2858 4433 impeditoreS,
2922 4357 3109 4415 mole-

557 4469 824 4522 statores
873 4469 934 4521 et
980 4459 1446 4540 perturbatores
1475 4463 1652 4536 tueri,
1684 4470 2018 4542 protegere
2066 4481 2150 4523 ac
2190 4461 2535 4536 defensare,
2584 4460 2847 4540 propriis
2894 4481 3111 4521 eorum

560 4567 880 4627 laboribus
929 4575 991 4627 et
1037 4567 1344 4647 expensiS,
1392 4567 1611 4650 vigore
1660 4577 1723 4629 et
1768 4569 2123 4630 testimonio
2154 4568 2547 4648 presencium
2582 4577 2933 4628 nostrarum
2980 4569 3110 4628 lite-

562 4692 772 4734 rarum
821 4673 1021 4753 sigillo
1069 4680 1282 4735 nostro
1331 4675 1511 4736 solito
1561 4695 1599 4736 a
1643 4686 1824 4756 tergo
1875 4677 1952 4736 de
2000 4696 2176 4738 more
2224 4677 2377 4736 alias
2434 4683 2747 4735 consveto·
2781 4675 3111 4756 consigna-

559 4789 781 4855 tarum,
829 4781 1158 4842 mediante.
1207 4783 1440 4842 Datum
1485 4783 1816 4864 Zagrabie‚
1861 4783 2017 4844 seria
2067 4784 2345 4844 secunda
2372 4783 2654 4862 proxima
2699 4789 2841 4861 post
2884 4782 3115 4842 festum

555 4886 725 4947 beati
772 4886 1062 4948 Barnabe
1111 4889 1390 4967 apostoli,
1441 4909 1604 4953 anno
1653 4890 1886 4957 domini
1949 4885 2067 4951 M⁰.
2115 4887 2755 4980 quadrigentessimo³
2812 4889 3113 4978 quinqua·

557 4987 868 5088 gessimo⁴
911 5003 1106 5066 sexto,
1175 5067 1180 5072 ⁸
