3917 5592
2951 422 3069 525 svo

500 658 831 720 multitudo
904 658 1319 719 hereticorum
1392 668 1455 717 et
1529 666 1970 737 paterenorum
2041 660 2387 737 pululasset
2453 660 2512 718 in
2585 678 2858 719 errorem
2928 659 3073 719 fidei

496 766 861 841 orthodoxe,
909 766 990 825 ad
1038 766 1597 845 extirpandumque
1645 766 1723 826 de
1774 766 1911 844 ipso
1962 786 2160 847 regno
2209 774 2428 826 nostro
2477 768 2752 841 eosdem,
2823 786 2899 825 ex
2949 786 3072 825 vna

496 882 676 953 parte
721 892 838 933 nos
886 873 1295 951 personaliter
1362 873 1711 933 instaurato
1760 873 1970 933 valido
2036 873 2312 933 exercitu
2360 873 2928 951 proficiscebamur,
2995 892 3072 932 ex

498 982 696 1041 altera
738 1000 892 1040 vero
948 988 1125 1058 parte
1176 980 1603 1040 venerabilem
1651 979 1711 1039 in
1764 979 2018 1040 Christo
2088 990 2332 1058 patrem
2379 980 2697 1039 dominum
2743 977 3070 1039 Nicolaum

500 1087 1038 1166 archiepiscopum
1062 1086 1575 1167 Strigoniensem3
1603 1094 1885 1146 nostrum
1911 1085 2368 1161 cancellarium,
2398 1106 2592 1165 penes
2619 1105 2806 1165 quem
2834 1093 3066 1145 vtrum-

501 1216 623 1275 que
670 1215 785 1274 par
832 1196 979 1256 dicti
1025 1195 1213 1276 sig-illi
1278 1195 1473 1256 nostri
1524 1195 1820 1255 autentici
1865 1195 2252 1270 habebatur,'
2306 1202 2370 1255 et
2416 1195 2617 1254 virum
2663 1194 3066 1274 magnificum

500 1303 819 1363 dominum
866 1302 1195 1363 Nicolaum
1242 1302 1589 1381 palatinum
1638 1322 1781 1362 cum
1828 1302 2014 1362 certis
2062 1302 2336 1380 prelatiS,
2391 1302 2730 1361 baronibus
2778 1309 2840 1360 et
2886 1300 3064 1381 regni

499 1408 860 1488 proceribus
907 1410 969 1469 in
1017 1411 1294 1469 Vzuram
1343 1410 1822 1485 destinaramuS,
1893 1410 2150 1488 quidam
2196 1410 2534 1470 familiares
2588 1410 2784 1488 ipsius
2833 1408 3064 1469 domini

501 1517 951 1596 archiepiscopi
1010 1538 1123 1596 pro
1172 1518 1458 1578 custodia
1505 1518 1802 1596 deputati,
1872 1526 2204 1596 Vtrumque
2251 1537 2367 1596 par
2429 1518 2574 1578 dicti
2621 1516 2806 1597 sigilli
2870 1514 3066 1576 nostri

499 1633 917 1704 preconcepta
948 1626 1194 1685 malicia
1226 1627 1685 1686 subtraxerunt.
1732 1626 1866 1685 Nos
1898 1625 2110 1703 itaque
2159 1632 2589 1703 precauentes,
2636 1644 2716 1683 ne
2747 1644 2822 1683 ex
2852 1623 3062 1683 huius-

500 1732 669 1793 modi
733 1732 919 1813 sigilli
972 1732 1170 1793 nostri
1234 1732 1675 1811 deperdicione
1724 1731 2060 1813 regnicolis
2129 1732 2358 1791 nostris
2421 1731 2482 1790 in
2550 1750 2766 1791 eorum
2829 1730 3064 1790 iuribus

501 1841 857 1901 successiue
904 1840 1249 1919 periculum
1296 1840 1497 1919 possit
1541 1840 1883 1915 imminere,
1957 1840 2228 1920 sigillum
2275 1859 2508 1899 nouum
2557 1839 2618 1897 in
2667 1840 2908 1899 duobus
2955 1858 3064 1917 pa-

503 1948 673 2008 ribus
717 1947 981 2008 fecimus
1050 1968 1163 2026 pro
1211 1948 1392 2008 nobis
1439 1948 1655 2027 sculpi,
1726 1950 1895 2027 quod
1944 1950 2025 2009 ad
2072 1948 2281 2008 omnia
2349 1947 2678 2028 priuilegia
2723 1954 2938 2006 nostra
3002 1955 3065 2006 et

501 2056 817 2133 quondam
864 2054 1097 2115 domini
1129 2056 1344 2116 Karoli
1394 2056 1562 2136 regis
1611 2056 1807 2135 patris
1856 2056 2086 2129 nostri,
2116 2056 2230 2115 sub
2279 2056 2467 2133 priori
2515 2055 2718 2135 sigillo
2762 2054 3061 2127 eiusdem,

500 2172 779 2241 tempore
847 2182 959 2223 sue
1024 2164 1455 2224 coronacionis
1525 2165 1766 2241 sculpto
1816 2172 1877 2223 et
1924 2165 2176 2223 demum
2245 2183 2359 2241 per
2414 2164 2683 2223 eundem
2731 2182 2823 2237 e0,
2894 2163 3061 2241 quod

500 2271 616 2329 sub
646 2270 785 2348 ipso
832 2271 1095 2349 plurime
1144 2270 1539 2331 infidelitates
1586 2280 1940 2349 perpetrate
1972 2271 2304 2331 extiterunt
2349 2279 2612 2349 reperte,
2657 2278 3061 2348 permactatO,

501 2396 573 2437 ac
621 2379 737 2437 sub
787 2378 907 2439 alio
955 2372 1158 2458 s'igillo
1207 2378 1401 2457 ipsius
1450 2379 1510 2437 in
1560 2378 1841 2456 partibus
1897 2377 2295 2455 transalpinis
2344 2378 2675 2437 casualiter
2722 2377 3061 2455 deperditO,

501 2486 799 2559 confecta,
868 2484 1041 2545 iuxta
1098 2486 1264 2546 dicta
1332 2487 1453 2546 tria
1500 2486 1705 2566 sigilla
1774 2469 2168 2547 decreuimus
2215 2486 2348 2545 fore
2413 2487 2868 2573 apponendum.
2960 2486 3062 2544 Ad

499 2612 867 2671 quecunque
937 2612 1088 2653 vero
1158 2593 1487 2674 priuilegia
1556 2602 1835 2671 paterna,
1907 2594 2086 2654 dictis
2161 2594 2405 2653 duobus
2475 2593 2782 2671 prioribus
2845 2591 3062 2673 sigillis

501 2699 886 2779 consignata,
936 2720 1057 2783 que
1088 2720 1203 2780 per
1232 2702 1500 2761 eundem
1533 2709 1776 2778 patrem
1806 2709 2107 2775 nostrum,
2155 2720 2267 2779 per
2298 2700 2501 2780 sigilla
2534 2700 2667 2760 eius
2697 2699 3061 2779 posteriora,

499 2808 599 2866 vel
644 2826 755 2885 per
802 2828 917 2867 nos
966 2828 1108 2867 cum
1156 2807 1357 2889 sigillo
1406 2811 1592 2869 modo
1638 2808 1945 2887 premisso
1995 2808 2319 2886 deperdito
2369 2809 2734 2869 confirmata
2779 2827 2904 2867 non
2952 2808 3060 2867 ha·

498 2914 809 2990 berentur,
877 2923 939 2975 et
988 2917 1069 2975 ad
1133 2915 1270 2994 ipsa
1316 2916 1645 2996 priuilegia
1716 2917 1919 2995 ipsum
1969 2935 2201 2975 nouum
2271 2916 2541 2995 sigillum
2587 2924 2867 2975 nostrum
2937 2934 3062 2975 non

396 3050 407 3061 ·
500 3022 971 3100 appenderetur,
1044 3024 1146 3084 vel
1201 3042 1574 3103 quecunque
1643 3031 1931 3101 patentes
1996 3023 2170 3083 litere
2240 3030 2453 3084 nostre
2502 3031 2564 3083 et
2609 3028 2866 3101 paterne
2935 3042 3061 3082 non

498 3130 1028 3206 confirmarentur,
1078 3150 1155 3191 ea
1187 3130 1515 3211 priuilegia
1545 3140 1607 3191 et
1637 3132 1812 3191 litere
1860 3128 2020 3191 sicut
2052 3150 2165 3209 per
2197 3132 2464 3191 eundem
2510 3137 2753 3209 patrem
2781 3137 3064 3191 nostrum-

497 3236 745 3295 fuerunt
790 3247 1087 3298 reuocata
1135 3246 1197 3298 et
1246 3240 1578 3313 annullata,
1650 3238 1741 3298 sic
1789 3246 1851 3298 et
1896 3258 2012 3298 nos
2060 3240 2232 3317 ipsas
2295 3258 2408 3298 seu
2453 3238 2592 3317 ipsa
2638 3237 3059 3297 commisimus

495 3344 729 3404 viribus
786 3346 1055 3406 caritura
1125 3347 1483 3425 nullamque
1554 3346 1796 3406 roboris
1845 3347 2176 3406 obtentura
2241 3346 2614 3405 firmitatem.
2706 3346 2872 3405 Inter
2939 3365 3061 3423 que

494 3470 754 3530 presens
800 3453 1198 3535 priuilegium
1269 3464 1552 3515 nostrum
1600 3456 1767 3514 omni
1814 3454 2169 3533 suspicione
2219 3455 2583 3515 destitutum
2631 3462 2694 3513 et
2739 3452 2950 3513 omnia
2997 3453 3058 3512 in

495 3579 571 3620 eo
617 3561 904 3639 superius
973 3570 1267 3622 contenta
1315 3571 1377 3623 et
1424 3582 1740 3642 expressa,
1811 3582 1924 3641 pro
1973 3564 2197 3624 eodem
2271 3563 2458 3622 Petro
2504 3562 2631 3622 filio
2677 3560 2932 3621 Martini
2979 3562 3058 3621 de

494 3668 797 3728 Rakonok
846 3668 1101 3748 suisque
1174 3670 1509 3731 heredibus
1575 3680 1637 3732 et
1698 3671 2166 3731 successoribus
2231 3669 2378 3731 dicti
2426 3669 2608 3749 sigilli
2670 3668 2867 3729 nostri
2915 3670 3063 3729 noui

494 3775 755 3853 duplicis
804 3783 867 3836 et
913 3776 1209 3838 autentici
1276 3779 1660 3857 appensione
1707 3779 2083 3838 innouamus
2133 3786 2194 3837 et
2238 3786 2542 3855 perpetuo
2595 3776 3056 3838 confirmamus,

492 3883 722 3941 Datum
788 3902 901 3961 per
946 3903 1171 3944 manus
1247 3884 1529 3945 eiusdem
1577 3885 1809 3945 domini
1879 3885 2123 3944 Nicolai
2172 3883 2639 3962 archiepiscopi,
2704 3884 3058 3944 cancellarii

494 3990 707 4065 nostri,
785 3991 1001 4069 quinto
1066 3992 1373 4052 kalendas
1443 3992 1607 4067 maii,
1688 4012 1853 4051 anno
1925 3990 2160 4051 domini
2228 3990 2555 4051 millesimo
2624 3992 3059 4052 trecentesimo

490 4097 889 4177 sexagesimo
937 4110 1176 4177 quarto,
1224 4101 1405 4180 regni
1454 4094 1663 4161 autem
1710 4100 1906 4160 nostri
1954 4120 2119 4161 anno
2167 4100 2474 4180 vigesimo
2522 4101 2730 4161 terci0.

702 4237 975 4308 Originali
1002 4240 1342 4294 documento
1380 4240 1528 4309 regis
1551 4240 1823 4295 Lodovici
1862 4256 1913 4294 a.
1941 4239 2098 4294 1354.
2137 4238 2222 4293 29.
2249 4238 2584 4309 septembris
2623 4240 2781 4302 (Vide
2817 4242 2920 4297 No.
2947 4242 3052 4306 69.)

492 4330 551 4383 in
600 4327 856 4383 inferiori
906 4328 1159 4398 margine
1215 4330 1461 4399 ascripta
1496 4334 1585 4384 est
1618 4330 1763 4385 haee
1821 4329 2149 4384 authentica
2199 4328 2569 4391 confirmatio,
2625 4346 2868 4385 unacum
2913 4334 3049 4387 olim

496 4418 850 4487 appendente
900 4417 1085 4487 sigillo
1123 4418 1283 4473 iuxta
1334 4419 1483 4473 aliud
1538 4419 1781 4487 sigillum
1834 4419 2128 4487 antiquum
2167 4418 2421 4473 eiusdem
2469 4418 2631 4493 regis,
2705 4420 2767 4473 In
2818 4422 3050 4484 archivo

491 4506 761 4567 comitum
798 4506 1113 4567 Drafikovie
1148 4508 1207 4568 in
1244 4524 1374 4569 arce
1410 4508 1750 4571 Trakofiean.
