<?xml version="1.0" encoding="UTF-8"?>
<!DOCTYPE html PUBLIC "-//W3C//DTD XHTML 1.0 Transitional//EN"
    "http://www.w3.org/TR/xhtml1/DTD/xhtml1-transitional.dtd">
<html xmlns="http://www.w3.org/1999/xhtml" xml:lang="en" lang="en">
 <head>
  <title>
</title>
<meta http-equiv="Content-Type" content="text/html;charset=utf-8" />
  <meta name='ocr-system' content='tesseract 3.04.00' />
  <meta name='ocr-capabilities' content='ocr_page ocr_carea ocr_par ocr_line ocrx_word'/>
</head>
<body>
  <div class='ocr_page' id='page_1' title='image "./povjesnispomeni01laszgoog_0059.png"; bbox 0 0 3917 5592; ppageno 0'>
   <div class='ocr_carea' id='block_1_1' title="bbox 717 798 1146 862">
    <p class='ocr_par' dir='ltr' id='par_1_1' title="bbox 717 798 1146 862">
     <span class='ocr_line' id='line_1_1' title="bbox 717 798 1146 862; baseline 0 -1"><span class='ocrx_word' id='word_1_1' title='bbox 717 803 903 862; x_wconf 91' lang='lat' dir='ltr'>Anno</span> <span class='ocrx_word' id='word_1_2' title='bbox 961 798 1146 861; x_wconf 89' lang='grc'><strong>1249.</strong></span> 
     </span>
    </p>
   </div>
   <div class='ocr_carea' id='block_1_2' title="bbox 492 991 3163 1309">
    <p class='ocr_par' dir='ltr' id='par_1_2' title="bbox 492 991 3163 1309">
     <span class='ocr_line' id='line_1_2' title="bbox 503 991 3163 1080; baseline -0 -20"><span class='ocrx_word' id='word_1_3' title='bbox 503 994 894 1079; x_wconf 73' lang='lat' dir='ltr'><em>Stephanus</em></span> <span class='ocrx_word' id='word_1_4' title='bbox 941 996 1157 1060; x_wconf 78' lang='lat' dir='ltr'>totius</span> <span class='ocrx_word' id='word_1_5' title='bbox 1203 994 1619 1060; x_wconf 80' lang='lat' dir='ltr'>Sclauoniae</span> <span class='ocrx_word' id='word_1_6' title='bbox 1662 991 1903 1070; x_wconf 75' lang='lat' dir='ltr'>banuS,</span> <span class='ocrx_word' id='word_1_7' title='bbox 1940 991 2132 1076; x_wconf 76' lang='lat' dir='ltr'>filiis</span> <span class='ocrx_word' id='word_1_8' title='bbox 2183 992 2387 1057; x_wconf 81' lang='lat' dir='ltr'>Corla</span> <span class='ocrx_word' id='word_1_9' title='bbox 2418 996 2483 1057; x_wconf 82' lang='lat' dir='ltr'>et</span> <span class='ocrx_word' id='word_1_10' title='bbox 2514 992 2836 1058; x_wconf 79' lang='lat' dir='ltr'>omnibus</span> <span class='ocrx_word' id='word_1_11' title='bbox 2884 992 3065 1059; x_wconf 83' lang='lat' dir='ltr'>ioba-</span> <span class='ocrx_word' id='word_1_12' title='bbox 3156 1074 3163 1080; x_wconf 26' lang='grc' dir='ltr'>ι</span> 
     </span>
     <span class='ocr_line' id='line_1_3' title="bbox 492 1098 3065 1201; baseline 0 -35"><span class='ocrx_word' id='word_1_13' title='bbox 492 1100 830 1193; x_wconf 76' lang='lat' dir='ltr'>gionibus</span> <span class='ocrx_word' id='word_1_14' title='bbox 874 1104 1092 1167; x_wconf 73' lang='lat' dir='ltr'>castri</span> <span class='ocrx_word' id='word_1_15' title='bbox 1136 1099 1654 1201; x_wconf 58' lang='lat' dir='ltr'>Zagrc‘zbiergsiS,</span> <span class='ocrx_word' id='word_1_16' title='bbox 1702 1104 1966 1187; x_wconf 73' lang='lat' dir='ltr'>terram</span> <span class='ocrx_word' id='word_1_17' title='bbox 2014 1098 2207 1167; x_wconf 87' lang='lat' dir='ltr'>Odra</span> <span class='ocrx_word' id='word_1_18' title='bbox 2252 1104 2585 1181; x_wconf 83' lang='lat' dir='ltr'>vocatam,</span> <span class='ocrx_word' id='word_1_19' title='bbox 2634 1122 2843 1186; x_wconf 81' lang='lat' dir='ltr'>quam</span> <span class='ocrx_word' id='word_1_20' title='bbox 2892 1101 3065 1166; x_wconf 82' lang='lat' dir='ltr'>Ivan</span> 
     </span>
     <span class='ocr_line' id='line_1_4' title="bbox 1093 1206 2803 1309; baseline -0.002 -34"><span class='ocrx_word' id='word_1_21' title='bbox 1093 1209 1306 1295; x_wconf 82' lang='lat' dir='ltr'>filius</span> <span class='ocrx_word' id='word_1_22' title='bbox 1353 1206 1662 1309; x_wconf 56' lang='lat' dir='ltr'>Irozlqpi</span> <span class='ocrx_word' id='word_1_23' title='bbox 1680 1209 2077 1301; x_wconf 52' lang='lat' dir='ltr'>⁸occupavit,</span> <span class='ocrx_word' id='word_1_24' title='bbox 2131 1208 2461 1273; x_wconf 79' lang='lat' dir='ltr'>restituit.</span> <span class='ocrx_word' id='word_1_25' title='bbox 2766 1208 2803 1218; x_wconf 76' lang='grc'><strong>”</strong></span> 
     </span>
    </p>
   </div>
   <div class='ocr_carea' id='block_1_3' title="bbox 504 1408 3075 2670">
    <p class='ocr_par' dir='ltr' id='par_1_3' title="bbox 504 1408 3075 2670">
     <span class='ocr_line' id='line_1_5' title="bbox 715 1408 3066 1488; baseline 0.002 -21"><span class='ocrx_word' id='word_1_26' title='bbox 715 1409 848 1468; x_wconf 91' lang='lat' dir='ltr'>Nos</span> <span class='ocrx_word' id='word_1_27' title='bbox 910 1409 1266 1487; x_wconf 84' lang='lat' dir='ltr'><strong>Stephanus</strong></span> <span class='ocrx_word' id='word_1_28' title='bbox 1335 1410 1538 1469; x_wconf 88' lang='lat' dir='ltr'>banus</span> <span class='ocrx_word' id='word_1_29' title='bbox 1602 1408 1802 1469; x_wconf 90' lang='lat' dir='ltr'>tocius</span> <span class='ocrx_word' id='word_1_30' title='bbox 1873 1408 2206 1469; x_wconf 86' lang='lat' dir='ltr'>Sclauonie</span> <span class='ocrx_word' id='word_1_31' title='bbox 2280 1408 2709 1488; x_wconf 84' lang='lat' dir='ltr'>significamus</span> <span class='ocrx_word' id='word_1_32' title='bbox 2742 1480 2749 1487; x_wconf 39' lang='lat'>‚</span> <span class='ocrx_word' id='word_1_33' title='bbox 2778 1411 3066 1471; x_wconf 88' lang='lat' dir='ltr'>omnibus</span> 
     </span>
     <span class='ocr_line' id='line_1_6' title="bbox 505 1504 3067 1595; baseline 0.001 -21"><span class='ocrx_word' id='word_1_34' title='bbox 505 1516 898 1595; x_wconf 84' lang='lat' dir='ltr'>presencium</span> <span class='ocrx_word' id='word_1_35' title='bbox 963 1515 1255 1576; x_wconf 87' lang='lat' dir='ltr'>noticiam</span> <span class='ocrx_word' id='word_1_36' title='bbox 1319 1514 1641 1591; x_wconf 81' lang='lat' dir='ltr'>habituriS,</span> <span class='ocrx_word' id='word_1_37' title='bbox 1730 1516 1898 1594; x_wconf 89' lang='lat' dir='ltr'>quod</span> <span class='ocrx_word' id='word_1_38' title='bbox 1947 1535 2089 1576; x_wconf 91' lang='lat' dir='ltr'>cum</span> <span class='ocrx_word' id='word_1_39' title='bbox 2154 1534 2270 1574; x_wconf 89' lang='lat' dir='ltr'>nos</span> <span class='ocrx_word' id='word_1_40' title='bbox 2335 1516 2412 1575; x_wconf 91' lang='lat' dir='ltr'>de</span> <span class='ocrx_word' id='word_1_41' title='bbox 2475 1504 2772 1576; x_wconf 88' lang='lat' dir='ltr'>mandato</span> <span class='ocrx_word' id='word_1_42' title='bbox 2835 1518 3067 1577; x_wconf 90' lang='lat' dir='ltr'>domini</span> 
     </span>
     <span class='ocr_line' id='line_1_7' title="bbox 505 1616 3070 1704; baseline 0.001 -22"><span class='ocrx_word' id='word_1_43' title='bbox 505 1625 654 1684; x_wconf 88' lang='lat' dir='ltr'>Bele</span> <span class='ocrx_word' id='word_1_44' title='bbox 700 1624 869 1703; x_wconf 85' lang='lat' dir='ltr'>regis</span> <span class='ocrx_word' id='word_1_45' title='bbox 920 1624 982 1683; x_wconf 90' lang='lat' dir='ltr'>in</span> <span class='ocrx_word' id='word_1_46' title='bbox 1013 1631 1144 1684; x_wconf 91' lang='lat' dir='ltr'>toto</span> <span class='ocrx_word' id='word_1_47' title='bbox 1193 1622 1390 1704; x_wconf 81' lang='lat' dir='ltr'>regno</span> <span class='ocrx_word' id='word_1_48' title='bbox 1437 1622 1769 1684; x_wconf 83' lang='lat' dir='ltr'>Sclauonie</span> <span class='ocrx_word' id='word_1_49' title='bbox 1816 1631 2018 1683; x_wconf 86' lang='lat' dir='ltr'>terras</span> <span class='ocrx_word' id='word_1_50' title='bbox 2064 1630 2207 1701; x_wconf 92' lang='lat' dir='ltr'>post</span> <span class='ocrx_word' id='word_1_51' title='bbox 2254 1621 2491 1682; x_wconf 89' lang='lat' dir='ltr'>obitum</span> <span class='ocrx_word' id='word_1_52' title='bbox 2537 1624 2707 1703; x_wconf 84' lang='lat' dir='ltr'>regis</span> <span class='ocrx_word' id='word_1_53' title='bbox 2738 1616 3070 1685; x_wconf 84' lang='lat' dir='ltr'>Colomani</span> 
     </span>
     <span class='ocr_line' id='line_1_8' title="bbox 504 1722 3068 1805; baseline 0 -15"><span class='ocrx_word' id='word_1_54' title='bbox 504 1730 698 1790; x_wconf 74' lang='lat' dir='ltr'>felicis</span> <span class='ocrx_word' id='word_1_55' title='bbox 745 1731 1042 1791; x_wconf 87' lang='lat' dir='ltr'>memorie</span> <span class='ocrx_word' id='word_1_56' title='bbox 1093 1750 1130 1790; x_wconf 88' lang='lat' dir='ltr'>a</span> <span class='ocrx_word' id='word_1_57' title='bbox 1177 1740 1383 1791; x_wconf 89' lang='lat' dir='ltr'>castro</span> <span class='ocrx_word' id='word_1_58' title='bbox 1432 1730 1735 1790; x_wconf 87' lang='lat' dir='ltr'>alienatas</span> <span class='ocrx_word' id='word_1_59' title='bbox 1792 1730 2229 1805; x_wconf 81' lang='lat' dir='ltr'>iudicaremuS,</span> <span class='ocrx_word' id='word_1_60' title='bbox 2275 1730 2531 1790; x_wconf 87' lang='lat' dir='ltr'>tandem</span> <span class='ocrx_word' id='word_1_61' title='bbox 2578 1730 2718 1790; x_wconf 84' lang='lat' dir='ltr'>filiis</span> <span class='ocrx_word' id='word_1_62' title='bbox 2766 1722 2958 1791; x_wconf 90' lang='lat' dir='ltr'>Corla</span> <span class='ocrx_word' id='word_1_63' title='bbox 3004 1740 3068 1792; x_wconf 91' lang='lat' dir='ltr'>et</span> 
     </span>
     <span class='ocr_line' id='line_1_9' title="bbox 506 1814 3070 1918; baseline 0 -21"><span class='ocrx_word' id='word_1_64' title='bbox 506 1838 791 1898; x_wconf 85' lang='lat' dir='ltr'>omnibus</span> <span class='ocrx_word' id='word_1_65' title='bbox 854 1814 1290 1918; x_wconf 86' lang='lat' dir='ltr'>iobagionibus</span> <span class='ocrx_word' id='word_1_66' title='bbox 1354 1837 1540 1897; x_wconf 82' lang='lat' dir='ltr'>castri</span> <span class='ocrx_word' id='word_1_67' title='bbox 1605 1838 2052 1917; x_wconf 85' lang='lat' dir='ltr'>Zagrabiensis</span> <span class='ocrx_word' id='word_1_68' title='bbox 2102 1856 2140 1897; x_wconf 89' lang='lat' dir='ltr'>a</span> <span class='ocrx_word' id='word_1_69' title='bbox 2186 1846 2363 1915; x_wconf 90' lang='lat' dir='ltr'>parte</span> <span class='ocrx_word' id='word_1_70' title='bbox 2412 1857 2567 1912; x_wconf 81' lang='lat' dir='ltr'>una,</span> <span class='ocrx_word' id='word_1_71' title='bbox 2603 1845 2666 1897; x_wconf 88' lang='lat' dir='ltr'>et</span> <span class='ocrx_word' id='word_1_72' title='bbox 2710 1838 2882 1897; x_wconf 90' lang='lat' dir='ltr'>Iwan</span> <span class='ocrx_word' id='word_1_73' title='bbox 2945 1837 3070 1897; x_wconf 86' lang='lat' dir='ltr'>filio</span> 
     </span>
     <span class='ocr_line' id='line_1_10' title="bbox 507 1938 3067 2020; baseline 0 -15"><span class='ocrx_word' id='word_1_74' title='bbox 507 1947 744 2005; x_wconf 90' lang='lat' dir='ltr'>Irozlau</span> <span class='ocrx_word' id='word_1_75' title='bbox 794 1946 873 2005; x_wconf 90' lang='lat' dir='ltr'>ab</span> <span class='ocrx_word' id='word_1_76' title='bbox 927 1948 1122 2006; x_wconf 89' lang='lat' dir='ltr'>altera</span> <span class='ocrx_word' id='word_1_77' title='bbox 1169 1965 1380 2005; x_wconf 90' lang='lat' dir='ltr'>coram</span> <span class='ocrx_word' id='word_1_78' title='bbox 1427 1945 1608 2004; x_wconf 91' lang='lat' dir='ltr'>nobis</span> <span class='ocrx_word' id='word_1_79' title='bbox 1657 1945 2022 2020; x_wconf 80' lang='lat' dir='ltr'>constitutiS,</span> <span class='ocrx_word' id='word_1_80' title='bbox 2070 1944 2177 2005; x_wconf 81' lang='lat' dir='ltr'>&#39;filii</span> <span class='ocrx_word' id='word_1_81' title='bbox 2226 1944 2417 2004; x_wconf 88' lang='lat' dir='ltr'>Corla</span> <span class='ocrx_word' id='word_1_82' title='bbox 2462 1946 2789 2005; x_wconf 88' lang='lat' dir='ltr'>memorati</span> <span class='ocrx_word' id='word_1_83' title='bbox 2836 1938 3067 2005; x_wconf 83' lang='lat' dir='ltr'>terram</span> 
     </span>
     <span class='ocr_line' id='line_1_11' title="bbox 504 2046 3075 2132; baseline 0 -21"><span class='ocrx_word' id='word_1_84' title='bbox 504 2053 821 2132; x_wconf 87' lang='lat' dir='ltr'>quandam</span> <span class='ocrx_word' id='word_1_85' title='bbox 884 2052 1058 2113; x_wconf 90' lang='lat' dir='ltr'>Odra</span> <span class='ocrx_word' id='word_1_86' title='bbox 1120 2062 1428 2127; x_wconf 89' lang='lat' dir='ltr'>uocatam,</span> <span class='ocrx_word' id='word_1_87' title='bbox 1491 2072 1674 2113; x_wconf 84' lang='lat' dir='ltr'>suam</span> <span class='ocrx_word' id='word_1_88' title='bbox 1723 2071 1864 2113; x_wconf 90' lang='lat' dir='ltr'>esse</span> <span class='ocrx_word' id='word_1_89' title='bbox 1926 2052 2367 2112; x_wconf 83' lang='lat' dir='ltr'>hereditariam</span> <span class='ocrx_word' id='word_1_90' title='bbox 2416 2046 2770 2113; x_wconf 79' lang='lat' dir='ltr'>asserentes</span> <span class='ocrx_word' id='word_1_91' title='bbox 2836 2061 2897 2112; x_wconf 85' lang='lat' dir='ltr'>et</span> <span class='ocrx_word' id='word_1_92' title='bbox 2961 2073 3075 2132; x_wconf 89' lang='lat' dir='ltr'>per</span> 
     </span>
     <span class='ocr_line' id='line_1_12' title="bbox 504 2159 3069 2239; baseline 0.001 -20"><span class='ocrx_word' id='word_1_93' title='bbox 504 2161 676 2219; x_wconf 89' lang='lat' dir='ltr'>Iwan</span> <span class='ocrx_word' id='word_1_94' title='bbox 722 2168 1121 2238; x_wconf 88' lang='lat' dir='ltr'>prenotatum</span> <span class='ocrx_word' id='word_1_95' title='bbox 1165 2160 1358 2220; x_wconf 86' lang='lat' dir='ltr'>filium</span> <span class='ocrx_word' id='word_1_96' title='bbox 1405 2159 1643 2219; x_wconf 89' lang='lat' dir='ltr'>scilicet</span> <span class='ocrx_word' id='word_1_97' title='bbox 1686 2159 1924 2235; x_wconf 88' lang='lat' dir='ltr'>Irozlai‚</span> <span class='ocrx_word' id='word_1_98' title='bbox 1955 2160 2273 2220; x_wconf 88' lang='lat' dir='ltr'>detentam</span> <span class='ocrx_word' id='word_1_99' title='bbox 2321 2168 2385 2220; x_wconf 92' lang='lat' dir='ltr'>et</span> <span class='ocrx_word' id='word_1_100' title='bbox 2411 2168 2783 2239; x_wconf 86' lang='lat' dir='ltr'>occupatam</span> <span class='ocrx_word' id='word_1_101' title='bbox 2832 2161 3069 2239; x_wconf 85' lang='lat' dir='ltr'>absque</span> 
     </span>
     <span class='ocr_line' id='line_1_13' title="bbox 506 2266 3067 2348; baseline 0 -22"><span class='ocrx_word' id='word_1_102' title='bbox 506 2267 654 2327; x_wconf 88' lang='lat' dir='ltr'>iuris</span> <span class='ocrx_word' id='word_1_103' title='bbox 676 2268 934 2341; x_wconf 70' lang='lat' dir='ltr'>‚ordine,</span> <span class='ocrx_word' id='word_1_104' title='bbox 970 2288 1124 2328; x_wconf 87' lang='lat' dir='ltr'>uoce</span> <span class='ocrx_word' id='word_1_105' title='bbox 1171 2267 1422 2347; x_wconf 89' lang='lat' dir='ltr'>publica</span> <span class='ocrx_word' id='word_1_106' title='bbox 1469 2276 1614 2327; x_wconf 89' lang='lat' dir='ltr'>sunt</span> <span class='ocrx_word' id='word_1_107' title='bbox 1661 2269 2001 2347; x_wconf 89' lang='lat' dir='ltr'>conquesti.</span> <span class='ocrx_word' id='word_1_108' title='bbox 2051 2268 2215 2328; x_wconf 89' lang='lat' dir='ltr'>Cum</span> <span class='ocrx_word' id='word_1_109' title='bbox 2248 2266 2440 2348; x_wconf 86' lang='lat' dir='ltr'>igitur</span> <span class='ocrx_word' id='word_1_110' title='bbox 2484 2270 2656 2329; x_wconf 87' lang='lat' dir='ltr'>Iwan</span> <span class='ocrx_word' id='word_1_111' title='bbox 2686 2278 3067 2329; x_wconf 88' lang='lat' dir='ltr'>memoratus</span> 
     </span>
     <span class='ocr_line' id='line_1_14' title="bbox 506 2372 3066 2454; baseline 0 -20"><span class='ocrx_word' id='word_1_112' title='bbox 506 2374 738 2435; x_wconf 88' lang='lat' dir='ltr'>nullam</span> <span class='ocrx_word' id='word_1_113' title='bbox 784 2374 1032 2453; x_wconf 89' lang='lat' dir='ltr'>penitus</span> <span class='ocrx_word' id='word_1_114' title='bbox 1081 2386 1338 2435; x_wconf 81' lang='lat' dir='ltr'>causam</span> <span class='ocrx_word' id='word_1_115' title='bbox 1386 2376 1488 2435; x_wconf 86' lang='lat' dir='ltr'>uel</span> <span class='ocrx_word' id='word_1_116' title='bbox 1512 2375 1847 2449; x_wconf 84' lang='lat' dir='ltr'>racionem,</span> <span class='ocrx_word' id='word_1_117' title='bbox 1896 2394 2024 2453; x_wconf 91' lang='lat' dir='ltr'>qua</span> <span class='ocrx_word' id='word_1_118' title='bbox 2069 2383 2301 2435; x_wconf 90' lang='lat' dir='ltr'>terram</span> <span class='ocrx_word' id='word_1_119' title='bbox 2327 2372 2771 2453; x_wconf 63' lang='lat' dir='ltr'>&#39;supradictam</span> <span class='ocrx_word' id='word_1_120' title='bbox 2819 2384 3066 2454; x_wconf 89' lang='lat' dir='ltr'>poterat</span> 
     </span>
     <span class='ocr_line' id='line_1_15' title="bbox 513 2478 3071 2561; baseline 0 -19"><span class='ocrx_word' id='word_1_121' title='bbox 513 2490 622 2543; x_wconf 89' lang='lat' dir='ltr'>aut</span> <span class='ocrx_word' id='word_1_122' title='bbox 693 2480 910 2542; x_wconf 88' lang='lat' dir='ltr'>debuit</span> <span class='ocrx_word' id='word_1_123' title='bbox 978 2482 1274 2557; x_wconf 82' lang='lat' dir='ltr'>detinere,</span> <span class='ocrx_word' id='word_1_124' title='bbox 1347 2502 1561 2542; x_wconf 90' lang='lat' dir='ltr'>coram</span> <span class='ocrx_word' id='word_1_125' title='bbox 1628 2482 1808 2543; x_wconf 90' lang='lat' dir='ltr'>nobis</span> <span class='ocrx_word' id='word_1_126' title='bbox 1882 2483 2215 2542; x_wconf 90' lang='lat' dir='ltr'>ostendere</span> <span class='ocrx_word' id='word_1_127' title='bbox 2284 2483 2606 2561; x_wconf 88' lang='lat' dir='ltr'>potuisset,</span> <span class='ocrx_word' id='word_1_128' title='bbox 2678 2478 3071 2543; x_wconf 83' lang='lat' dir='ltr'>considerata</span> 
     </span>
     <span class='ocr_line' id='line_1_16' title="bbox 509 2589 3069 2670; baseline 0 -21"><span class='ocrx_word' id='word_1_129' title='bbox 509 2589 755 2653; x_wconf 82' lang='lat' dir='ltr'>iusticia</span> <span class='ocrx_word' id='word_1_130' title='bbox 821 2590 1090 2650; x_wconf 88' lang='lat' dir='ltr'>filiorum</span> <span class='ocrx_word' id='word_1_131' title='bbox 1151 2589 1359 2665; x_wconf 84' lang='lat' dir='ltr'>Corla,</span> <span class='ocrx_word' id='word_1_132' title='bbox 1431 2610 1552 2669; x_wconf 89' lang='lat' dir='ltr'>que</span> <span class='ocrx_word' id='word_1_133' title='bbox 1616 2598 1748 2649; x_wconf 87' lang='lat' dir='ltr'>tam</span> <span class='ocrx_word' id='word_1_134' title='bbox 1816 2589 2139 2649; x_wconf 88' lang='lat' dir='ltr'>euidenter</span> <span class='ocrx_word' id='word_1_135' title='bbox 2193 2590 2466 2668; x_wconf 88' lang='lat' dir='ltr'>patebat,</span> <span class='ocrx_word' id='word_1_136' title='bbox 2536 2590 2739 2670; x_wconf 88' lang='lat' dir='ltr'>ipsam</span> <span class='ocrx_word' id='word_1_137' title='bbox 2804 2592 3069 2651; x_wconf 89' lang='lat' dir='ltr'>eandem</span> 
     </span>
    </p>
   </div>
   <div class='ocr_carea' id='block_1_4' title="bbox 393 2682 3075 2776">
    <p class='ocr_par' dir='ltr' id='par_1_4' title="bbox 393 2682 3075 2776">
     <span class='ocr_line' id='line_1_17' title="bbox 393 2682 3075 2776; baseline 0 -18"><span class='ocrx_word' id='word_1_138' title='bbox 393 2748 410 2764; x_wconf 84' lang='lat'><strong>.</strong></span> <span class='ocrx_word' id='word_1_139' title='bbox 504 2682 736 2758; x_wconf 76' lang='lat' dir='ltr'>terram</span> <span class='ocrx_word' id='word_1_140' title='bbox 768 2696 945 2757; x_wconf 89' lang='lat' dir='ltr'>Odra</span> <span class='ocrx_word' id='word_1_141' title='bbox 991 2716 1028 2756; x_wconf 90' lang='lat' dir='ltr'>a</span> <span class='ocrx_word' id='word_1_142' title='bbox 1074 2697 1288 2757; x_wconf 86' lang='lat' dir='ltr'>Iwano</span> <span class='ocrx_word' id='word_1_143' title='bbox 1325 2697 1700 2776; x_wconf 92' lang='lat' dir='ltr'>recipiend0,</span> <span class='ocrx_word' id='word_1_144' title='bbox 1729 2706 1798 2756; x_wconf 90' lang='lat' dir='ltr'>ut</span> <span class='ocrx_word' id='word_1_145' title='bbox 1828 2699 1924 2757; x_wconf 91' lang='lat' dir='ltr'>ius</span> <span class='ocrx_word' id='word_1_146' title='bbox 1972 2697 2241 2769; x_wconf 86' lang='lat' dir='ltr'>volebat,</span> <span class='ocrx_word' id='word_1_147' title='bbox 2289 2698 2667 2758; x_wconf 89' lang='lat' dir='ltr'>restituimus</span> <span class='ocrx_word' id='word_1_148' title='bbox 2696 2699 2835 2759; x_wconf 90' lang='lat' dir='ltr'>filiis</span> <span class='ocrx_word' id='word_1_149' title='bbox 2883 2700 3075 2759; x_wconf 89' lang='lat' dir='ltr'>Corla</span> 
     </span>
    </p>
   </div>
   <div class='ocr_carea' id='block_1_5' title="bbox 416 2804 3111 4282">
    <p class='ocr_par' dir='ltr' id='par_1_5' title="bbox 416 2804 3111 4282">
     <span class='ocr_line' id='line_1_18' title="bbox 505 2804 3071 2884; baseline 0.001 -21"><span class='ocrx_word' id='word_1_150' title='bbox 505 2804 765 2884; x_wconf 80' lang='lat' dir='ltr'>pacifice</span> <span class='ocrx_word' id='word_1_151' title='bbox 816 2823 890 2863; x_wconf 85' lang='lat' dir='ltr'>ac</span> <span class='ocrx_word' id='word_1_152' title='bbox 935 2813 1239 2883; x_wconf 88' lang='lat' dir='ltr'>perpetuo</span> <span class='ocrx_word' id='word_1_153' title='bbox 1286 2805 1748 2883; x_wconf 85' lang='lat' dir='ltr'>possidendam,</span> <span class='ocrx_word' id='word_1_154' title='bbox 1797 2804 1978 2863; x_wconf 91' lang='lat' dir='ltr'>metis</span> <span class='ocrx_word' id='word_1_155' title='bbox 2028 2804 2212 2863; x_wconf 91' lang='lat' dir='ltr'>certis</span> <span class='ocrx_word' id='word_1_156' title='bbox 2260 2805 2555 2864; x_wconf 88' lang='lat' dir='ltr'>uallatam</span> <span class='ocrx_word' id='word_1_157' title='bbox 2589 2814 2652 2865; x_wconf 89' lang='lat' dir='ltr'>et</span> <span class='ocrx_word' id='word_1_158' title='bbox 2698 2806 3071 2866; x_wconf 83' lang='lat' dir='ltr'>distinctam.</span> 
     </span>
     <span class='ocr_line' id='line_1_19' title="bbox 506 2906 3072 2991; baseline 0.001 -20"><span class='ocrx_word' id='word_1_159' title='bbox 506 2910 704 2971; x_wconf 87' lang='lat' dir='ltr'>Cuius</span> <span class='ocrx_word' id='word_1_160' title='bbox 750 2919 916 2971; x_wconf 88' lang='lat' dir='ltr'>terre</span> <span class='ocrx_word' id='word_1_161' title='bbox 963 2920 1130 2972; x_wconf 90' lang='lat' dir='ltr'>mete</span> <span class='ocrx_word' id='word_1_162' title='bbox 1178 2912 1340 2972; x_wconf 89' lang='lat' dir='ltr'>sicut</span> <span class='ocrx_word' id='word_1_163' title='bbox 1387 2932 1424 2973; x_wconf 89' lang='lat' dir='ltr'>a</span> <span class='ocrx_word' id='word_1_164' title='bbox 1469 2914 1770 2991; x_wconf 89' lang='lat' dir='ltr'>pristaldo</span> <span class='ocrx_word' id='word_1_165' title='bbox 1834 2920 2049 2971; x_wconf 88' lang='lat' dir='ltr'>nostro</span> <span class='ocrx_word' id='word_1_166' title='bbox 2096 2912 2369 2973; x_wconf 87' lang='lat' dir='ltr'>Martino</span> <span class='ocrx_word' id='word_1_167' title='bbox 2416 2913 2541 2973; x_wconf 87' lang='lat' dir='ltr'>filio</span> <span class='ocrx_word' id='word_1_168' title='bbox 2588 2906 2835 2973; x_wconf 89' lang='lat' dir='ltr'>Gordos</span> <span class='ocrx_word' id='word_1_169' title='bbox 2884 2922 2948 2974; x_wconf 89' lang='lat' dir='ltr'>et</span> <span class='ocrx_word' id='word_1_170' title='bbox 2994 2915 3072 2974; x_wconf 89' lang='lat' dir='ltr'>ab</span> 
     </span>
     <span class='ocr_line' id='line_1_20' title="bbox 510 3019 3075 3101; baseline 0 -22"><span class='ocrx_word' id='word_1_171' title='bbox 510 3019 644 3079; x_wconf 89' lang='lat' dir='ltr'>aliis</span> <span class='ocrx_word' id='word_1_172' title='bbox 693 3019 1140 3079; x_wconf 88' lang='lat' dir='ltr'>commetaneis</span> <span class='ocrx_word' id='word_1_173' title='bbox 1189 3020 1620 3100; x_wconf 85' lang='lat' dir='ltr'>cognouimuS,</span> <span class='ocrx_word' id='word_1_174' title='bbox 1668 3020 1732 3079; x_wconf 89' lang='lat' dir='ltr'>in</span> <span class='ocrx_word' id='word_1_175' title='bbox 1777 3020 1944 3079; x_wconf 89' lang='lat' dir='ltr'>hunc</span> <span class='ocrx_word' id='word_1_176' title='bbox 1991 3020 2247 3080; x_wconf 89' lang='lat' dir='ltr'>modum</span> <span class='ocrx_word' id='word_1_177' title='bbox 2295 3020 2791 3101; x_wconf 80' lang='lat' dir='ltr'>distinguuntur:</span> <span class='ocrx_word' id='word_1_178' title='bbox 2864 3021 3075 3099; x_wconf 90' lang='lat' dir='ltr'>incipit</span> 
     </span>
     <span class='ocr_line' id='line_1_21' title="bbox 507 3110 3073 3207; baseline 0.001 -22"><span class='ocrx_word' id='word_1_179' title='bbox 507 3127 695 3207; x_wconf 85' lang='lat' dir='ltr'>igitur</span> <span class='ocrx_word' id='word_1_180' title='bbox 727 3126 929 3205; x_wconf 90' lang='lat' dir='ltr'>prima</span> <span class='ocrx_word' id='word_1_181' title='bbox 974 3136 1142 3186; x_wconf 88' lang='lat' dir='ltr'>meta</span> <span class='ocrx_word' id='word_1_182' title='bbox 1175 3134 1340 3187; x_wconf 91' lang='lat' dir='ltr'>terre</span> <span class='ocrx_word' id='word_1_183' title='bbox 1389 3128 1671 3187; x_wconf 88' lang='lat' dir='ltr'>eiusdem</span> <span class='ocrx_word' id='word_1_184' title='bbox 1705 3128 1782 3187; x_wconf 88' lang='lat' dir='ltr'>de</span> <span class='ocrx_word' id='word_1_185' title='bbox 1816 3110 2009 3207; x_wconf 62' lang='lat' dir='ltr'>plaga</span> <span class='ocrx_word' id='word_1_186' title='bbox 2055 3125 2350 3187; x_wconf 85' lang='lat' dir='ltr'>orientali·</span> <span class='ocrx_word' id='word_1_187' title='bbox 2371 3128 2545 3188; x_wconf 85' lang='lat' dir='ltr'>iuxta</span> <span class='ocrx_word' id='word_1_188' title='bbox 2590 3128 2850 3188; x_wconf 89' lang='lat' dir='ltr'>fluuium</span> <span class='ocrx_word' id='word_1_189' title='bbox 2899 3128 3073 3188; x_wconf 89' lang='lat' dir='ltr'>Odra</span> 
     </span>
     <span class='ocr_line' id='line_1_22' title="bbox 510 3232 3070 3314; baseline 0 -20"><span class='ocrx_word' id='word_1_190' title='bbox 510 3235 676 3312; x_wconf 90' lang='lat' dir='ltr'>apud</span> <span class='ocrx_word' id='word_1_191' title='bbox 723 3241 959 3293; x_wconf 88' lang='lat' dir='ltr'>metam</span> <span class='ocrx_word' id='word_1_192' title='bbox 1004 3242 1293 3309; x_wconf 87' lang='lat' dir='ltr'>terream,</span> <span class='ocrx_word' id='word_1_193' title='bbox 1342 3242 1404 3293; x_wconf 90' lang='lat' dir='ltr'>et</span> <span class='ocrx_word' id='word_1_194' title='bbox 1448 3234 1648 3294; x_wconf 91' lang='lat' dir='ltr'>tendit</span> <span class='ocrx_word' id='word_1_195' title='bbox 1679 3254 1900 3293; x_wconf 90' lang='lat' dir='ltr'>uersus</span> <span class='ocrx_word' id='word_1_196' title='bbox 1947 3232 2273 3294; x_wconf 88' lang='lat' dir='ltr'>meridiem</span> <span class='ocrx_word' id='word_1_197' title='bbox 2302 3243 2366 3294; x_wconf 89' lang='lat' dir='ltr'>et</span> <span class='ocrx_word' id='word_1_198' title='bbox 2395 3237 2655 3296; x_wconf 88' lang='lat' dir='ltr'>multum</span> <span class='ocrx_word' id='word_1_199' title='bbox 2704 3238 2910 3295; x_wconf 91' lang='lat' dir='ltr'>eundo</span> <span class='ocrx_word' id='word_1_200' title='bbox 2957 3256 3070 3314; x_wconf 88' lang='lat' dir='ltr'>per</span> 
     </span>
     <span class='ocr_line' id='line_1_23' title="bbox 507 3326 3074 3421; baseline 0.001 -21"><span class='ocrx_word' id='word_1_201' title='bbox 507 3340 832 3400; x_wconf 90' lang='lat' dir='ltr'>continuas</span> <span class='ocrx_word' id='word_1_202' title='bbox 896 3349 1096 3400; x_wconf 84' lang='lat' dir='ltr'>metas</span> <span class='ocrx_word' id='word_1_203' title='bbox 1154 3341 1440 3419; x_wconf 88' lang='lat' dir='ltr'>peruenit</span> <span class='ocrx_word' id='word_1_204' title='bbox 1489 3342 1568 3401; x_wconf 90' lang='lat' dir='ltr'>ad</span> <span class='ocrx_word' id='word_1_205' title='bbox 1617 3341 1786 3401; x_wconf 90' lang='lat' dir='ltr'>viam</span> <span class='ocrx_word' id='word_1_206' title='bbox 1831 3341 2174 3416; x_wconf 88' lang='lat' dir='ltr'>fundatam,</span> <span class='ocrx_word' id='word_1_207' title='bbox 2223 3338 2343 3421; x_wconf 85' lang='lat' dir='ltr'>que</span> <span class='ocrx_word' id='word_1_208' title='bbox 2410 3326 2686 3403; x_wconf 83' lang='lat' dir='ltr'>vttewen</span> <span class='ocrx_word' id='word_1_209' title='bbox 2734 3342 2957 3403; x_wconf 90' lang='lat' dir='ltr'>dicitur</span> <span class='ocrx_word' id='word_1_210' title='bbox 3012 3352 3074 3403; x_wconf 89' lang='lat' dir='ltr'>et</span> 
     </span>
     <span class='ocr_line' id='line_1_24' title="bbox 507 3446 3073 3528; baseline 0.001 -21"><span class='ocrx_word' id='word_1_211' title='bbox 507 3448 590 3507; x_wconf 91' lang='lat' dir='ltr'>ibi</span> <span class='ocrx_word' id='word_1_212' title='bbox 638 3446 1125 3508; x_wconf 88' lang='lat' dir='ltr'>conterminatur</span> <span class='ocrx_word' id='word_1_213' title='bbox 1169 3454 1334 3508; x_wconf 87' lang='lat' dir='ltr'>terre</span> <span class='ocrx_word' id='word_1_214' title='bbox 1367 3449 1639 3523; x_wconf 87' lang='lat' dir='ltr'>Mortun,</span> <span class='ocrx_word' id='word_1_215' title='bbox 1686 3448 1832 3508; x_wconf 88' lang='lat' dir='ltr'>inde</span> <span class='ocrx_word' id='word_1_216' title='bbox 1863 3450 1944 3508; x_wconf 88' lang='lat' dir='ltr'>ad</span> <span class='ocrx_word' id='word_1_217' title='bbox 1976 3448 2237 3508; x_wconf 89' lang='lat' dir='ltr'>fluuium</span> <span class='ocrx_word' id='word_1_218' title='bbox 2284 3448 2726 3523; x_wconf 80' lang='lat' dir='ltr'>Haranich&#39;nik,</span> <span class='ocrx_word' id='word_1_219' title='bbox 2774 3458 2917 3528; x_wconf 91' lang='lat' dir='ltr'>post</span> <span class='ocrx_word' id='word_1_220' title='bbox 2956 3450 3073 3509; x_wconf 88' lang='lat' dir='ltr'>hee</span> 
     </span>
     <span class='ocr_line' id='line_1_25' title="bbox 510 3555 3073 3631; baseline 0 -15"><span class='ocrx_word' id='word_1_221' title='bbox 510 3556 834 3617; x_wconf 90' lang='lat' dir='ltr'>descendit</span> <span class='ocrx_word' id='word_1_222' title='bbox 897 3557 978 3615; x_wconf 86' lang='lat' dir='ltr'>ad</span> <span class='ocrx_word' id='word_1_223' title='bbox 1037 3555 1299 3615; x_wconf 84' lang='lat' dir='ltr'>fluuium</span> <span class='ocrx_word' id='word_1_224' title='bbox 1346 3556 1696 3631; x_wconf 88' lang='lat' dir='ltr'>Chernech,</span> <span class='ocrx_word' id='word_1_225' title='bbox 1762 3556 1908 3616; x_wconf 87' lang='lat' dir='ltr'>inde</span> <span class='ocrx_word' id='word_1_226' title='bbox 1975 3557 2057 3616; x_wconf 89' lang='lat' dir='ltr'>ad</span> <span class='ocrx_word' id='word_1_227' title='bbox 2118 3556 2407 3616; x_wconf 86' lang='lat' dir='ltr'>arborem</span> <span class='ocrx_word' id='word_1_228' title='bbox 2471 3555 2642 3631; x_wconf 83' lang='lat' dir='ltr'>ilicis,</span> <span class='ocrx_word' id='word_1_229' title='bbox 2707 3558 2928 3618; x_wconf 87' lang='lat' dir='ltr'>exinde</span> <span class='ocrx_word' id='word_1_230' title='bbox 2993 3558 3073 3617; x_wconf 88' lang='lat' dir='ltr'>ad</span> 
     </span>
     <span class='ocr_line' id='line_1_26' title="bbox 416 3644 3072 3739; baseline 0.002 -18"><span class='ocrx_word' id='word_1_231' title='bbox 416 3714 422 3721; x_wconf 90' lang='lat'><em>.</em></span> <span class='ocrx_word' id='word_1_232' title='bbox 507 3664 768 3724; x_wconf 85' lang='lat' dir='ltr'>fluuium</span> <span class='ocrx_word' id='word_1_233' title='bbox 815 3664 1204 3739; x_wconf 87' lang='lat' dir='ltr'>Mozechine,</span> <span class='ocrx_word' id='word_1_234' title='bbox 1269 3672 1331 3724; x_wconf 90' lang='lat' dir='ltr'>et</span> <span class='ocrx_word' id='word_1_235' title='bbox 1377 3663 1460 3723; x_wconf 91' lang='lat' dir='ltr'>ibi</span> <span class='ocrx_word' id='word_1_236' title='bbox 1509 3663 1624 3723; x_wconf 90' lang='lat' dir='ltr'>sub</span> <span class='ocrx_word' id='word_1_237' title='bbox 1690 3664 1828 3723; x_wconf 92' lang='lat' dir='ltr'>ilice</span> <span class='ocrx_word' id='word_1_238' title='bbox 1877 3672 1975 3724; x_wconf 90' lang='lat' dir='ltr'>est</span> <span class='ocrx_word' id='word_1_239' title='bbox 2020 3672 2205 3739; x_wconf 87' lang='lat' dir='ltr'>meta,</span> <span class='ocrx_word' id='word_1_240' title='bbox 2264 3664 2409 3723; x_wconf 90' lang='lat' dir='ltr'>inde</span> <span class='ocrx_word' id='word_1_241' title='bbox 2458 3666 2539 3724; x_wconf 88' lang='lat' dir='ltr'>ad</span> <span class='ocrx_word' id='word_1_242' title='bbox 2580 3644 2840 3725; x_wconf 65' lang='lat' dir='ltr'>fluuium</span> <span class='ocrx_word' id='word_1_243' title='bbox 2889 3668 3072 3725; x_wconf 91' lang='lat' dir='ltr'>Lom-</span> 
     </span>
     <span class='ocr_line' id='line_1_27' title="bbox 505 3756 3071 3849; baseline 0.001 -18"><span class='ocrx_word' id='word_1_244' title='bbox 505 3773 706 3847; x_wconf 87' lang='lat' dir='ltr'>nicha,</span> <span class='ocrx_word' id='word_1_245' title='bbox 753 3772 898 3831; x_wconf 92' lang='lat' dir='ltr'>inde</span> <span class='ocrx_word' id='word_1_246' title='bbox 935 3772 1018 3831; x_wconf 87' lang='lat' dir='ltr'>ad</span> <span class='ocrx_word' id='word_1_247' title='bbox 1047 3769 1291 3849; x_wconf 83' lang='lat' dir='ltr'>partem</span> <span class='ocrx_word' id='word_1_248' title='bbox 1337 3771 1806 3844; x_wconf 87' lang='lat' dir='ltr'>occidentalem,</span> <span class='ocrx_word' id='word_1_249' title='bbox 1853 3781 1998 3849; x_wconf 88' lang='lat' dir='ltr'>post</span> <span class='ocrx_word' id='word_1_250' title='bbox 2040 3772 2159 3831; x_wconf 87' lang='lat' dir='ltr'>hec</span> <span class='ocrx_word' id='word_1_251' title='bbox 2191 3791 2304 3849; x_wconf 87' lang='lat' dir='ltr'>per</span> <span class='ocrx_word' id='word_1_252' title='bbox 2335 3772 2595 3831; x_wconf 90' lang='lat' dir='ltr'>fluuium</span> <span class='ocrx_word' id='word_1_253' title='bbox 2642 3756 2831 3832; x_wconf 60' lang='lat' dir='ltr'>Odra⁸</span> <span class='ocrx_word' id='word_1_254' title='bbox 2866 3793 3071 3833; x_wconf 84' lang='lat' dir='ltr'>reuer-</span> 
     </span>
     <span class='ocr_line' id='line_1_28' title="bbox 505 3860 3111 3959; baseline 0 -20"><span class='ocrx_word' id='word_1_255' title='bbox 505 3880 653 3939; x_wconf 88' lang='lat' dir='ltr'>titur</span> <span class='ocrx_word' id='word_1_256' title='bbox 700 3880 781 3939; x_wconf 90' lang='lat' dir='ltr'>ad</span> <span class='ocrx_word' id='word_1_257' title='bbox 829 3878 1067 3957; x_wconf 91' lang='lat' dir='ltr'>priores</span> <span class='ocrx_word' id='word_1_258' title='bbox 1115 3887 1331 3938; x_wconf 84' lang='lat' dir='ltr'>metaS.</span> <span class='ocrx_word' id='word_1_259' title='bbox 1379 3880 1465 3938; x_wconf 91' lang='lat' dir='ltr'>Vt</span> <span class='ocrx_word' id='word_1_260' title='bbox 1510 3878 1700 3959; x_wconf 86' lang='lat' dir='ltr'>igitur</span> <span class='ocrx_word' id='word_1_261' title='bbox 1728 3878 1850 3938; x_wconf 88' lang='lat' dir='ltr'>ista</span> <span class='ocrx_word' id='word_1_262' title='bbox 1880 3878 2199 3939; x_wconf 90' lang='lat' dir='ltr'>restitucio</span> <span class='ocrx_word' id='word_1_263' title='bbox 2247 3898 2360 3956; x_wconf 90' lang='lat' dir='ltr'>per</span> <span class='ocrx_word' id='word_1_264' title='bbox 2406 3899 2520 3938; x_wconf 91' lang='lat' dir='ltr'>nos</span> <span class='ocrx_word' id='word_1_265' title='bbox 2569 3880 2843 3959; x_wconf 86' lang='lat' dir='ltr'>legitime</span> <span class='ocrx_word' id='word_1_266' title='bbox 2890 3860 3111 3957; x_wconf 77' lang='lat' dir='ltr'>facta,-</span> 
     </span>
     <span class='ocr_line' id='line_1_29' title="bbox 507 3986 3073 4067; baseline 0.001 -22"><span class='ocrx_word' id='word_1_267' title='bbox 507 3986 883 4047; x_wconf 88' lang='lat' dir='ltr'>inconcussa</span> <span class='ocrx_word' id='word_1_268' title='bbox 911 4005 1162 4065; x_wconf 91' lang='lat' dir='ltr'>semper</span> <span class='ocrx_word' id='word_1_269' title='bbox 1207 3996 1594 4065; x_wconf 88' lang='lat' dir='ltr'>permaneat,</span> <span class='ocrx_word' id='word_1_270' title='bbox 1627 3988 1864 4046; x_wconf 88' lang='lat' dir='ltr'>litteras</span> <span class='ocrx_word' id='word_1_271' title='bbox 1911 3994 2238 4064; x_wconf 88' lang='lat' dir='ltr'>presentes</span> <span class='ocrx_word' id='word_1_272' title='bbox 2268 3994 2481 4046; x_wconf 85' lang='lat' dir='ltr'>nostro</span> <span class='ocrx_word' id='word_1_273' title='bbox 2512 3986 2715 4067; x_wconf 83' lang='lat' dir='ltr'>sigillo</span> <span class='ocrx_word' id='word_1_274' title='bbox 2748 3987 3073 4047; x_wconf 87' lang='lat' dir='ltr'>roboratas</span> 
     </span>
     <span class='ocr_line' id='line_1_30' title="bbox 507 4094 3073 4173; baseline 0 -19"><span class='ocrx_word' id='word_1_275' title='bbox 507 4095 646 4154; x_wconf 88' lang='lat' dir='ltr'>filiis</span> <span class='ocrx_word' id='word_1_276' title='bbox 693 4094 885 4154; x_wconf 91' lang='lat' dir='ltr'>Corla</span> <span class='ocrx_word' id='word_1_277' title='bbox 931 4094 1305 4173; x_wconf 85' lang='lat' dir='ltr'>supradictis</span> <span class='ocrx_word' id='word_1_278' title='bbox 1371 4095 1657 4154; x_wconf 83' lang='lat' dir='ltr'>duximus</span> <span class='ocrx_word' id='word_1_279' title='bbox 1706 4094 2137 4154; x_wconf 65' lang='lat' dir='ltr'>conferendas</span> <span class='ocrx_word' id='word_1_280' title='bbox 2229 4095 2462 4155; x_wconf 88' lang='lat' dir='ltr'>Datum</span> <span class='ocrx_word' id='word_1_281' title='bbox 2510 4096 2589 4154; x_wconf 83' lang='lat' dir='ltr'>ab</span> <span class='ocrx_word' id='word_1_282' title='bbox 2637 4094 3073 4155; x_wconf 87' lang='lat' dir='ltr'>incarnacione</span> 
     </span>
     <span class='ocr_line' id='line_1_31' title="bbox 508 4195 1834 4282; baseline -0.001 -21"><span class='ocrx_word' id='word_1_283' title='bbox 508 4202 740 4262; x_wconf 87' lang='lat' dir='ltr'>domini</span> <span class='ocrx_word' id='word_1_284' title='bbox 786 4195 1068 4261; x_wconf 88' lang='lat' dir='ltr'><strong>M⁰.CC⁰.</strong></span> <span class='ocrx_word' id='word_1_285' title='bbox 1118 4202 1605 4282; x_wconf 87' lang='lat' dir='ltr'>quadragesimo</span> <span class='ocrx_word' id='word_1_286' title='bbox 1651 4219 1834 4260; x_wconf 92' lang='lat' dir='ltr'>non0.</span> 
     </span>
    </p>
   </div>
   <div class='ocr_carea' id='block_1_6' title="bbox 504 4341 3072 4513">
    <p class='ocr_par' dir='ltr' id='par_1_6' title="bbox 504 4341 3072 4513">
     <span class='ocr_line' id='line_1_32' title="bbox 719 4341 3072 4412; baseline 0 -17"><span class='ocrx_word' id='word_1_287' title='bbox 719 4341 762 4395; x_wconf 85' lang='lat' dir='ltr'>E</span> <span class='ocrx_word' id='word_1_288' title='bbox 797 4345 1153 4411; x_wconf 79' lang='lat' dir='ltr'>transumpto</span> <span class='ocrx_word' id='word_1_289' title='bbox 1217 4341 1543 4397; x_wconf 78' lang='lat' dir='ltr'>authentico</span> <span class='ocrx_word' id='word_1_290' title='bbox 1599 4342 1769 4396; x_wconf 82' lang='lat' dir='ltr'>Belae</span> <span class='ocrx_word' id='word_1_291' title='bbox 1806 4342 1894 4396; x_wconf 88' lang='lat' dir='ltr'>IV.</span> <span class='ocrx_word' id='word_1_292' title='bbox 1934 4342 2096 4412; x_wconf 82' lang='lat' dir='ltr'>regis,</span> <span class='ocrx_word' id='word_1_293' title='bbox 2158 4359 2209 4397; x_wconf 84' lang='lat' dir='ltr'>a.</span> <span class='ocrx_word' id='word_1_294' title='bbox 2251 4342 2407 4398; x_wconf 76' lang='lat'><strong>1264.</strong></span> <span class='ocrx_word' id='word_1_295' title='bbox 2480 4344 2540 4398; x_wconf 89' lang='lat' dir='ltr'>In</span> <span class='ocrx_word' id='word_1_296' title='bbox 2591 4343 2843 4400; x_wconf 81' lang='lat' dir='ltr'>archivo.</span> <span class='ocrx_word' id='word_1_297' title='bbox 2884 4344 3072 4397; x_wconf 82' lang='lat' dir='ltr'>accad.</span> 
     </span>
     <span class='ocr_line' id='line_1_33' title="bbox 504 4431 2655 4513; baseline -0.001 -28"><span class='ocrx_word' id='word_1_298' title='bbox 504 4432 697 4485; x_wconf 70' lang='lat' dir='ltr'>scient.</span> <span class='ocrx_word' id='word_1_299' title='bbox 736 4431 952 4513; x_wconf 79' lang='lat' dir='ltr'>Slavor.</span> <span class='ocrx_word' id='word_1_300' title='bbox 990 4432 1185 4487; x_wconf 82' lang='lat' dir='ltr'>mei-id.</span> <span class='ocrx_word' id='word_1_301' title='bbox 1226 4432 1546 4499; x_wconf 81' lang='lat' dir='ltr'>Zagrabiae.</span> <span class='ocrx_word' id='word_1_302' title='bbox 1585 4460 1654 4472; x_wconf 90' lang='lat'>—</span> <span class='ocrx_word' id='word_1_303' title='bbox 1693 4432 2046 4501; x_wconf 70' lang='lat' dir='ltr'>Kukuljevi6‚</span> <span class='ocrx_word' id='word_1_304' title='bbox 2096 4433 2351 4501; x_wconf 80' lang='lat' dir='ltr'>Regesta.</span> <span class='ocrx_word' id='word_1_305' title='bbox 2389 4433 2493 4487; x_wconf 76' lang='lat' dir='ltr'>No·</span> <span class='ocrx_word' id='word_1_306' title='bbox 2529 4432 2655 4487; x_wconf 82' lang='lat'><strong>580.</strong></span> 
     </span>
    </p>
   </div>
  </div>
 </body>
</html>
