3917 5592
762 446 884 524 156

1937 662 2143 744 100.

965 876 1150 936 Anno
1207 874 1390 937 1404.
1449 874 1542 935 19.
1592 877 1756 936 maii.
1805 876 2178 955 Zagrabiae.

964 1073 1174 1132 Litera
1221 1072 1613 1151 emptionalis
1646 1072 1824 1132 Pauli
1871 1072 1977 1133 filii
2008 1071 2246 1133 Vrbani
2293 1072 2537 1133 comitis
2571 1071 2897 1149 terrestriS‚
2945 1072 3317 1155 Zagrabiae,

749 1180 906 1239 teria
951 1181 1231 1240 secunda
1277 1181 1560 1259 proxima
1609 1189 1752 1240 ante
1799 1180 2029 1241 festum
2076 1188 2294 1241 sancte
2338 1180 2647 1255 trinitatis,
2711 1200 2877 1241 anno
2924 1182 3137 1261 gracie
3186 1184 3317 1243 mil-

751 1286 971 1348 lesimo
1020 1287 1637 1368 quadringentesimo
1685 1296 1925 1366 quartu,
1974 1288 2035 1347 in
2082 1288 2493 1349 membranea
2540 1298 2850 1351 emanata.

963 1426 1173 1481 Mentio
1213 1426 1270 1481 in
1308 1426 1485 1481 literis
1531 1426 1676 1496 regis
1734 1426 2006 1482 Ludovici
2044 1442 2095 1479 a.
2137 1424 2292 1481 1520.
2332 1425 2415 1480 11.
2455 1426 2612 1495 iunii,
2662 1444 2803 1496 quas
2841 1443 2892 1482 a.
2932 1426 3088 1482 1524.
3125 1425 3178 1483 4.
3217 1427 3319 1481 dea

750 1518 990 1571 cembris
1030 1516 1178 1571 idem
1219 1533 1314 1571 rex
1357 1517 1558 1571 iterum
1598 1518 1982 1587 transumpsit.
2024 1518 2085 1570 ln
2124 1516 2357 1571 archivo
2390 1532 2677 1573 commun.
2716 1516 2847 1573 nob.
2887 1517 2956 1570 de
2993 1517 3315 1586 Turopolje.

1938 1800 2143 1871 167.

963 2003 1148 2063 Anno
1207 1996 1392 2063 1406.
1444 1997 1546 2062 20.
1597 1999 1822 2080 aprilis

750 2195 1256 2281 sig-ismundus
1303 2195 1723 2278 Hungariae
1767 2199 1885 2261 etc.
1933 2215 2072 2273 rex,
2138 2192 2776 2279 confirmationales
2820 2214 2991 2259 suas
3036 2214 3097 2260 α.
3144 2194 3318 2277 1387.

750 2321 815 2385 4.
861 2303 1236 2369 decembris
1281 2308 1494 2388 super
1529 2304 1964 2388 possessione
2008 2302 2423 2368 Petreseweh
2473 2323 2631 2367 cum
2676 2301 2857 2367 silva
2902 2302 3315 2387 Rakytholclz

747 2414 812 2475 et
850 2416 1058 2496 prato
1113 2410 1594 2475 Gordouazela
1640 2416 2016 2489 emanatas,
2055 2416 2188 2495 pro
2255 2409 2617 2475 heremitis
2662 2409 2941 2473 ordinis
2984 2429 3039 2475 s,
3086 2409 3317 2509 Pauli,

1861 2518 2010 2583 rati
1999 2516 2192 2602 fleat.

959 2716 1401 2797 Sigismundus
1472 2716 1572 2776 dei
1643 2716 1861 2796 gracia
1927 2716 2274 2796 Hungarie‚
2344 2716 2685 2791 Dalmacie,
2748 2716 3033 2791 Croacie‚
3096 2718 3315 2789 Rame,

751 2824 988 2897 Seruie,
1049 2824 1328 2899 Gallicie,
1395 2824 1784 2899 Lodomerie,
1856 2822 2185 2899 Cumanie,
2249 2824 2669 2903 Bulgarieque
2733 2842 2839 2884 rex
2913 2843 2989 2884 ac
3035 2824 3313 2883 marchio

749 2932 1415 3011 BrandemburgensiS,
1464 2931 1627 2992 sacri
1673 2932 1937 2992 Romani
2009 2931 2251 3010 imperii
2299 2930 2857 2992 archicamararius
2903 2950 3147 2991 necnon
3194 2932 3315 2990 Bo-

750 3038 955 3098 hemie
1003 3046 1065 3097 et
1113 3038 1681 3118 Lucemburgensis
1728 3039 1913 3099 heres
1961 3038 2250 3098 omnibus
2298 3037 2531 3098 Christi
2577 3038 2865 3097 fidelibus
2897 3045 3025 3097 tam
3060 3056 3313 3116 presen-

751 3145 915 3205 tibus
962 3164 1153 3223 quam
1210 3144 1431 3204 futuris
1478 3146 1872 3223 presencium
1935 3145 2231 3207 noticiam
2277 3145 2580 3205 habituris
2646 3147 2912 3205 salutem
2957 3146 3020 3204 in
3069 3164 3162 3219 e0‚
3210 3146 3317 3223 qui

751 3252 860 3311 dat
905 3251 1159 3331 regibus
1208 3270 1476 3332 regnare
1525 3262 1588 3313 et
1634 3251 1968 3312 victoriose
2014 3272 2127 3331 pro
2176 3252 2412 3312 meritis
2461 3252 2859 3330 triumphare.
2908 3252 3105 3331 Regie
3143 3251 3314 3311 beni-

750 3358 1006 3438 gnitatis
1071 3359 1416 3419 sublimitas
1464 3378 1780 3439 generosa
1825 3378 2209 3439 quamquam
2276 3359 2583 3419 universis
2632 3358 2759 3418 suis
2807 3359 3110 3433 fidelibus,
3158 3377 3315 3437 quos

753 3466 931 3546 regni
977 3466 1074 3525 sui
1140 3466 1400 3526 latitudo
1449 3466 1892 3545 complectitur,
1964 3474 2148 3547 grata
2216 3466 2529 3527 beneficia
2594 3466 2889 3546 dignatur
2933 3465 3315 3545 impendere,

751 3582 813 3633 et
858 3582 1029 3633 tanto
1079 3574 1391 3652 copiosius
1439 3574 1500 3633 in
1549 3574 1863 3635 subiectos
1897 3592 2010 3635 sue
2042 3573 2350 3655 largitatis
2382 3592 2737 3653 propagare
2771 3573 3049 3648 donaria,
3081 3581 3316 3653 quanto

753 3700 828 3741 ex
876 3680 1229 3742 huiusmodi
1294 3681 1738 3742 distribucione
1806 3682 2147 3762 magnifica
2192 3682 2519 3759 presertim
2589 3681 2897 3761 religiosis
2945 3689 3008 3740 et
3055 3681 3316 3740 aliorum

751 3788 994 3867 piorum
1064 3791 1343 3849 locorum
1411 3789 1706 3849 ministris
1772 3790 1999 3865 fienda,
2075 3790 2204 3849 suis
2274 3789 2631 3868 frequenter
2707 3788 2923 3849 erariis
3003 3788 3317 3866 experitur

753 3915 1112 3957 accrescere
1185 3904 1248 3956 et
1312 3897 1589 3958 fidelium
1660 3898 2037 3958 devociones
2110 3896 2345 3976 augeri,
2418 3897 2499 3957 ad
2567 3897 2703 3957 illos
2775 3905 3004 3971 tamen,
3052 3896 3156 3974 qui
3203 3914 3318 3974 per

751 4004 1229 4064 observanciam
1276 4004 1580 4085 regularis
1629 4005 1971 4084 discipline,
2020 4004 2234 4065 mundi
2302 4005 2611 4065 derelictis
2660 4004 2964 4064 illecebris
3013 4002 3315 4063 conditori

752 4120 965 4172 nostro
1034 4112 1414 4191 condignum
1483 4113 1746 4191 prebent
1812 4112 2201 4191 obsequium,
2250 4112 2537 4191 specialis
2613 4112 3013 4191 prerogative
3081 4109 3313 4169 favoris

755 4220 1088 4299 dignanter
1133 4219 1403 4293 inclinat,
1427 4282 1432 4289 ,
1459 4227 1527 4279 ut
1575 4240 1650 4280 ex
1699 4220 1886 4281 rebus
1933 4220 2303 4280 transitoriis
2374 4213 3033 4279 inmarcessibiles¹·in
3082 4217 3312 4278 eternis

753 4326 1083 4386 beatorum
1129 4326 1378 4406 gaudiis
1426 4327 1676 4388 uberius
1725 4328 2210 4389 thezaurizenth.
2259 4326 2526 4387 Proinde
2575 4326 2657 4386 ad
2703 4325 3138 4385 universorum
3183 4335 3315 4385 tam

755 4434 1150 4513 presencium
1199 4454 1388 4515 quam
1435 4436 1780 4496 futurorum
1826 4436 2121 4496 noticiam
2169 4436 2390 4495 harum
2438 4434 2599 4494 serie
2646 4434 2933 4494 volumus
2970 4433 3315 4512 pervenire,

753 4543 920 4620 quod
969 4562 1110 4602 cum
1156 4561 1274 4603 nos
1320 4544 1701 4623 prelatorum
1749 4553 1810 4604 et
1854 4545 2163 4604 baronum
2212 4562 2285 4602 ac
2339 4542 2662 4620 pociorum
2709 4540 2887 4621 regni
2933 4540 3127 4601 nostri
3173 4559 3313 4619 pro·

751 4667 966 4708 cerum
1011 4651 1469 4711 communicato
1534 4651 1808 4726 consiliO,
1872 4659 1934 4711 et
1982 4669 2139 4710 sana
2200 4649 2656 4710 deliberacione
2706 4648 2928 4708 exinde
2977 4648 3315 4707 subsecuta

749 4756 812 4817 id
859 4765 1203 4819 statuentes
1275 4741 1736 4820 decreverimus
1799 4768 1861 4819 et
1909 4760 2139 4838 ubique
2208 4758 2268 4817 in
2320 4778 2515 4838 regno
2562 4766 2776 4817 nostro
2822 4756 3154 4816 fecerimus
3201 4775 3312 4834 pu-

747 4864 906 4923 blice
974 4866 1362 4943 proclamari,
1433 4876 1500 4927 ut
1571 4868 1860 4928 universe
1907 4868 2108 4927 littere
2173 4865 2675 4925 excellentissimi
2735 4863 3031 4943 principis
3080 4862 3312 4923 domini

751 4971 1049 5032 Lodouici
1097 4974 1264 5053 regis
1311 4974 1636 5054 Hungarie
1685 4983 1798 5035 ete.
1846 4974 2040 5053 patris
2074 4982 2136 5033 et
2175 4974 2376 5033 soceri
2423 4973 2633 5047 nostri,
2682 4972 2796 5031 sub
2842 4972 3036 5049 ipsius
3070 4980 3311 5031 secreto
