3917 5592
808 448 947 523 '84

860 678 1281 739 testimonium
1329 684 1390 735 et
1436 675 1791 735 firmitatem
1862 684 2246 754 perpetuam,
2327 684 2653 753 presentes
2726 676 3151 736 concessimus
3218 676 3430 737 literas

858 795 1104 846 nostras
1138 783 1557 864 priuilegiales
1591 783 1774 863 sigilli
1822 783 2015 842 nostri
2048 783 2376 862 pendentis
2425 782 2765 844 munimine
2799 783 3142 843 roboratas
3191 784 3422 843 Datum

857 892 1186 973 Zagrabie,
1257 892 1321 951 in
1366 891 1581 971 vigilia
1625 891 1765 953 festi
1816 892 2240 965 PentecosteS‚
2313 910 2478 951 anno
2528 891 2760 951 domini
2829 890 3156 951 millesimo
3204 885 3426 951 CCC0.

860 994 1017 1061 LX0.
1066 1007 1261 1059 sexto,

1071 1137 1355 1208 Originale
1410 1140 1855 1194 membraneum.
1895 1141 2191 1209 Appendet
2239 1140 2423 1194 solum
2464 1140 2678 1193 sericea
2717 1154 2862 1192 zona
2916 1138 3068 1192 rubri
3119 1141 3174 1191 et
3222 1137 3420 1191 viridis

856 1229 1063 1284 coloris
1101 1229 1315 1297 absque
1354 1228 1553 1296 sigillo.
1594 1229 1656 1283 In
1696 1228 1931 1284 archivo
1971 1228 2330 1285 accademiae
2369 1228 2562 1285 scient.
2603 1228 2821 1283 Slavor.
2863 1227 3061 1283 merid.
3098 1227 3422 1296 Zagrabiae.

1076 1410 1089 1436 ¹
1130 1408 1225 1465 sic.
1309 1406 1331 1435 ²
1369 1408 1465 1463 sic.

2063 1604 2209 1674 82.

1065 1806 1248 1865 Anno
1305 1802 1489 1865 1366.
1539 1803 1641 1864 23.
1692 1805 1855 1865 maii.
1902 1806 2276 1885 Zagrabiae.

1235 1998 1425 2063 Idem
1471 2002 1551 2064 ut
1588 1998 2006 2083 praecedens
2050 1998 2542 2063 documentum
2587 1998 2714 2063 sub
2763 1998 2891 2063 No.
2945 1996 3036 2063 81.

1066 2200 1199 2260 Nos
1253 2200 1475 2259 Petrus
1548 2198 2024 2259 archidiaconus
2073 2198 2337 2259 ecclesie
2407 2199 2853 2279 Zagrabiensis
2915 2198 3289 2259 venerabilis
3353 2197 3414 2259 in

851 2306 1103 2368 Christo
1173 2308 1367 2386 patris
1415 2315 1478 2367 et
1524 2306 1756 2367 domini
1827 2305 2062 2366 domini
2107 2307 2411 2385 Stephani
2481 2306 2760 2385 episcopi
2807 2306 3071 2367 ecclesie
3133 2306 3416 2367 eiusdem

852 2415 1121 2475 vicarius
1167 2415 1231 2475 in
1278 2414 1699 2493 spiritualibus
1748 2422 1811 2474 et
1854 2415 2304 2493 temporalibus
2341 2414 2671 2495 generalis,
2721 2414 3150 2493 significamus
3199 2422 3414 2473 tenore

849 2522 1261 2602 presencium,
1331 2522 1556 2601 quibus
1606 2522 1857 2600 expedit
1902 2522 2230 2597 universiS,
2301 2523 2471 2601 quod
2518 2542 2662 2582 cum
2710 2523 2791 2582 ad
2854 2522 3136 2582 eiusdem
3182 2522 3414 2582 domini

848 2631 1042 2692 nostri
1090 2630 1367 2709 episcopi
1415 2630 1725 2691 accedens
1772 2630 2166 2708 presenciam
2215 2631 2308 2690 vir
2347 2630 2587 2704 nobiliS,
2633 2630 2937 2710 magister
2983 2630 3206 2690 Petrus
3253 2630 3414 2689 filius

848 2738 1103 2799 Martini
1172 2740 1250 2799 de
1297 2722 1620 2813 Rakonok,
1696 2738 1966 2799 diocesis
2023 2738 2472 2818 Zagrabiensis
2543 2738 2847 2817 exposuit,
2917 2739 3084 2816 quod
3149 2738 3284 2816 ipse
3352 2738 3416 2797 in

848 2848 1122 2925 quadam
1166 2846 1566 2925 possessione
1616 2866 1730 2906 sua
1778 2845 2002 2923 Chehy
2045 2854 2289 2920 vocata,
2337 2847 2498 2905 vltra
2543 2822 3011 2905 fluuium'Zaue
3059 2845 3122 2905 in
3169 2844 3414 2922 Campo

846 2954 1258 3033 Zagrabiensi
1304 2954 1535 3029 habita,
1582 2954 1647 3014 in
1678 2954 1843 3014 dicto
1893 2954 2402 3014 archidiaconatu
2451 2962 2666 3013 nostro
2713 2952 3018 3027 existenti,
3069 2953 3415 3031 cappellam

846 3062 1121 3142 ligneam
1168 3062 1229 3122 in
1276 3064 1412 3122 loco
1480 3081 1592 3140 pro
1642 3062 1867 3122 diuinis
1915 3062 2280 3135 exercendis
2328 3062 2480 3121 inibi
2527 3080 2827 3142 congru0,
2875 3060 3088 3120 votiue
3134 3061 3410 3121 construi

844 3169 1099 3231 fecisset
1144 3177 1205 3229 et
1254 3168 1545 3243 edificari,
1595 3188 1885 3229 asserens
1934 3178 1999 3229 et
2045 3188 2382 3247 exponenS,
2430 3170 2598 3248 quod
2646 3169 2858 3247 populi
2906 3168 2968 3227 in
3015 3168 3240 3228 eadem
3287 3168 3412 3227 exi·

846 3286 1098 3352 stentem,
1146 3277 1290 3337 licet
1336 3277 1669 3355 aliquando
1718 3278 1799 3337 ad
1848 3276 2180 3337 ecclesiam
2228 3277 2428 3337 sancti
2474 3276 2705 3337 Emrici
2749 3275 3283 3355 processionalem
3329 3277 3408 3335 de

844 3386 1176 3469 Zagrabia,
1226 3394 1287 3445 et
1336 3386 1717 3464 aliquamdiu
1752 3387 1832 3446 ad
1866 3386 2197 3446 ecclesiam
2247 3386 2445 3445 sancti
2493 3385 2753 3465 Georgii
2799 3384 3069 3447 martiri‘s
3102 3385 3182 3444 de
3215 3383 3406 3457 Odra,

843 3514 958 3574 per
985 3494 1267 3555 eiusdem
1294 3496 1506 3573 populi
1541 3495 1966 3555 variacionem
2001 3504 2064 3555 et
2096 3504 2448 3573 temporum
2480 3494 3022 3573 incongruitatem,
3058 3492 3408 3566 veniebant,

843 3623 919 3664 ex
956 3602 1090 3682 'quo
1139 3602 1341 3662 eciam
1414 3604 1558 3681 quia
1609 3603 1966 3682 supradicte
2015 3603 2280 3663 ecclesie
2327 3602 2718 3681 parochiales
2768 3622 2806 3661 a
2853 3602 3082 3679 populo
3130 3600 3409 3679 predicto

843 3718 905 3770 et
950 3710 1349 3789 possessione
1419 3710 1643 3786 Chehy
1690 3710 1753 3769 in
1801 3730 2038 3789 magna
2108 3710 2416 3769 distancia
2485 3709 2893 3783 habebantur,
2961 3708 3172 3787 itaque
3220 3708 3408 3768 iidem

840 3818 1051 3896 populi
1119 3818 1197 3877 de
1262 3817 1485 3894 Chehy
1557 3817 1894 3897 aliquando
1943 3837 2020 3877 ex
2071 3837 2375 3896 aquarum
2445 3817 2878 3891 inundacione,
2951 3816 3286 3895 aliquando
3334 3834 3410 3875 ex

840 3925 1142 4004 frigorum
1188 3925 1580 4000 indensitate,
1630 3945 1771 3985 raro
1822 3927 1920 3986 vel
1952 3945 2229 4004 vnquam
2279 3927 2360 3985 ad
2409 3925 2739 3984 ecclesiam
2787 3926 2866 3984 ad
2915 3924 3296 3985 audiendum
3343 3933 3405 3984 et

839 4032 1336 4110 participandum
1407 4034 1619 4093 diuina
1667 4036 1970 4093 accedere
2039 4043 2330 4112 poterant
2393 4034 2748 4107 comodose,
2821 4022 3119 4093 sacerdos
3191 4032 3407 4093 eciam,

840 4139 946 4219 qui
977 4139 1068 4200 eis
1114 4142 1215 4199 uel
1247 4159 1465 4200 eorum
1510 4141 1984 4201 kathecumenis
2019 4150 2128 4201 aut
2175 4142 2376 4202 eciam
2404 4140 2662 4201 infirmis
2711 4142 2922 4201 diuina
2971 4140 3404 4215 aministraret,

835 4256 1091 4327 propter
1137 4248 1506 4308 distanciam
1554 4250 1811 4329 longam
1860 4257 1923 4309 et
1969 4269 2270 4329 magnam
2319 4250 2399 4309 ad
2448 4250 2706 4309 eosdem
2770 4249 3073 4308 accedere
3121 4268 3248 4309 non
3293 4268 3400 4308 va-

837 4356 1021 4431 lebat,
1070 4376 1147 4417 ex
1179 4376 1303 4435 quo
1352 4376 1543 4436 quam
1574 4358 1783 4435 plures
1830 4358 2076 4436 paruuli
2111 4377 2221 4417 seu
2271 4357 2448 4436 pueri
2478 4356 2612 4417 sine
2662 4364 3058 4417 sacramento
3097 4356 3413 4435 baptismi,

836 4462 1112 4523 nonnulli
1185 4463 1385 4523 eciam
1454 4464 1681 4523 infirmi
1738 4464 1977 4542 absque
2047 4463 2440 4524 confessione
2501 4472 2563 4525 et
2626 4465 3063 4525 communione
3134 4464 3410 4543 corporis

837 4568 1071 4629 Christi
1117 4578 1181 4630 et
1226 4571 1360 4630 sine
1435 4570 1733 4630 vnccione
1782 4590 1966 4630 sacra
2017 4572 2423 4646 decedebant,
2499 4573 2858 4650 supplicans
2907 4572 3109 4631 eidem
3159 4572 3409 4631 domino

835 4687 1047 4739 nostro
1097 4680 1393 4759 episcopo
1461 4680 1774 4750 humiliter
1822 4688 1883 4739 et
1931 4681 2179 4754 deuote,
2252 4688 2562 4758 quatenus
2610 4680 2726 4740 sibi
2775 4687 2837 4740 et
2883 4680 3062 4739 dictis
3118 4680 3248 4739 suis
3294 4698 3402 4757 po·

834 4786 995 4863 pulis
1044 4788 1122 4846 de
1170 4786 1395 4863 Chehy
1443 4806 1631 4866 super
1700 4786 2024 4865 premissis
2071 4788 2150 4846 de
2198 4787 2476 4846 remedio
2545 4788 2906 4865 prouideret
2952 4794 3275 4865 oportuno,
3343 4793 3409 4845 vt

840 4893 1069 4953 dictam
1119 4896 1467 4973 cappellam
1538 4896 1889 4955 consecrari
1939 4902 2002 4955 et
2049 4895 2322 4954 dedicari
2398 4894 2604 4954 facere
2656 4914 2731 4954 ac
2779 4894 3146 4954 cimiterium
3207 4893 3411 4953 eidem

836 5003 1183 5075 concedere
1248 5021 1360 5095 pro
1407 5003 1784 5075 tumulandis
1856 5002 2220 5093 corporibus
2291 5011 2674 5071 mortuorum
2723 5021 2798 5061 ac
2847 5002 3052 5061 eidem
3121 5003 3402 5091 cappelle
