3917 5592
3091 387 3222 464 359

1840 607 2059 688 305.

874 872 1059 934 Anno
1117 867 1301 933 1456.
1352 867 1453 932 26.
1502 871 1783 933 ianuarii.
1828 871 2202 953 Zagrabiae.

672 1121 952 1187 Vlricus
970 1169 981 1205 ¹.
998 1119 1313 1186 Kostibol
1344 1140 1567 1186 comes
1599 1119 1847 1206 Campi
1878 1117 2377 1206 Zagwabiensis
2416 1139 2498 1184 ac
2530 1116 2874 1202 Iohannes
2905 1116 3225 1204 Iagnych,

658 1229 741 1294 de
786 1229 950 1314 Sup.
999 1227 1387 1308 Lokawecz,
1434 1247 1658 1292 comes
1704 1231 1866 1292 terr.
1915 1227 2225 1292 eiusdem
2277 1225 2544 1312 Campi,
2587 1226 3041 1291 statutionem
3091 1226 3222 1290 De-

662 1337 903 1402 metrii
972 1333 1127 1421 filii
1190 1334 1509 1400 Andreae
1556 1335 1845 1412 Kussae,
1902 1333 2059 1420 filii
2119 1334 2403 1400 Nicolai
2451 1333 2604 1420 filii
2668 1332 3078 1416 Peterchych
3145 1333 3226 1396 de

663 1444 916 1522 Losan,
965 1444 1044 1508 in
1107 1442 1447 1528 quasdam
1492 1443 1969 1528 possessiones
2032 1441 2239 1507 titulo
2284 1441 2688 1508 donationis
2733 1440 3026 1505 eundem
3071 1460 3225 1504 con-

1526 1553 1897 1630 cernentes,
1965 1549 2354 1635 nottficant.

877 1805 1011 1867 Nos
1057 1805 1302 1866 Vlricus
1365 1804 1653 1865 Kostibol
1698 1823 1911 1865 comes
1975 1803 2202 1883 Campi
2263 1803 2710 1885 Zagrabiensis
2774 1823 2849 1864 ac
2912 1805 3224 1865 Iohannes

662 1915 825 1977 filius
873 1915 1139 1976 condam
1188 1912 1513 1974 Benedicti
1558 1912 1783 1991 supani
1847 1913 2126 1993 Iagnych
2175 1910 2321 1972 dicti
2369 1913 2448 1973 de
2493 1902 2812 1990 Superiori
2875 1913 3224 1972 Lokawecz

663 2041 877 2083 comes
927 2020 1237 2082 terrestris
1267 2020 1550 2080 eiusdem
1593 2015 1821 2098 Campi
1851 2019 2151 2081 memorie
2181 2019 2694 2079 commendamus
2738 2037 2852 2097 per
2882 2026 3222 2098 presenteS,

658 2130 827 2210 quod
896 2149 1039 2189 cum
1102 2147 1217 2188 nos
1281 2127 1365 2187 ad
1426 2119 1761 2186 instantem
1830 2124 2205 2206 peticionem
2273 2125 2576 2186 Demetrii
2621 2125 2729 2186 filii
2775 2125 3028 2186 Andree
3077 2124 3226 2185 dicti

664 2237 891 2312 Kusse,
960 2235 1069 2296 filii
1141 2236 1309 2313 olym
1378 2232 1621 2294 Nicolai
1686 2232 1793 2293 filii
1861 2233 2251 2311 Peterchych
2321 2234 2400 2293 de
2467 2233 2694 2308 Losan,
2759 2232 2998 2293 nobiles
3055 2231 3224 2292 viros

655 2346 918 2405 Paulum
968 2343 1163 2404 filium
1209 2342 1452 2402 Nicolai
1500 2341 1647 2402 dicti
1694 2341 2041 2419 Lyubnych
2074 2342 2154 2402 de
2189 2341 2413 2402 eadem
2461 2342 2688 2417 Losan,
2729 2350 2792 2402 et
2823 2341 3222 2402 Valentinum

654 2452 847 2512 filium
893 2451 1183 2511 Damiani
1232 2450 1510 2510 similiter
1557 2451 1636 2510 de
1670 2449 1894 2509 eadem
1941 2450 2169 2524 Losan,
2216 2449 2586 2530 iobagiones
2628 2437 2916 2509 videlicet
2963 2456 3212 2508 nostros

656 2558 1028 2640 fidedignOS,
1076 2559 1155 2618 de
1203 2559 1355 2618 sede
1401 2565 1617 2617 nostra
1661 2556 1985 2617 iudiciaria
2030 2557 2212 2618 solita
2257 2557 2685 2638 Zagrabiensi,
2733 2556 2888 2617 feria
2930 2556 3207 2617 secunda

652 2667 937 2747 proxima
981 2675 1124 2746 post
1167 2666 1394 2727 festum
1440 2664 1932 2744 Epiphaniamm
1980 2665 2230 2739 domini,
2276 2684 2442 2725 nunc
2487 2663 2766 2743 proxime
2825 2663 3206 2742 preteritum,

655 2776 736 2836 ad
782 2773 1239 2853 infrascriptam
1305 2773 1833 2833 introduccionem
1898 2781 1959 2832 et
2021 2771 2434 2832 statucionem
2494 2771 3053 2851 possessionariam
3114 2769 3204 2829 fa-

653 2884 941 2945 ciendam
986 2881 1290 2962 legittime
1339 2879 1851 2956 destinassemus»,
1898 2880 2152 2941 tandem
2199 2879 2318 2958 ipsi
2385 2878 2753 2960 iobagiones
2812 2877 3008 2939 nostri
3054 2877 3203 2938 fide-

651 2991 827 3072 digni
871 2990 935 3050 in
980 2987 1309 3069 quindenis
1355 2987 1633 3066 predicte
1678 2988 1831 3048 ferie
1878 2988 2154 3048 secunde
2191 2986 2414 3047 exinde
2449 2987 2530 3047 ad
2570 3006 2686 3047 nos
2727 2985 2969 3047 reversi
3002 2993 3064 3045 et
3093 3002 3207 3063 per

650 3119 765 3159 nos
814 3098 1143 3178 diligenter
1190 3095 1483 3175 requisiti,
1530 3093 1711 3156 nobis
1759 3113 1835 3155 eo
1884 3095 2070 3154 modo
2119 3095 2507 3156 concorditer
2553 3095 2910 3170 retulerunt,
2974 3102 3043 3152 ut
3089 3091 3232 3171 ipsi*

647 3205 805 3266 seria
850 3205 1129 3265 secunda
1174 3204 1457 3283 proxima
1506 3211 1649 3263 ante
1694 3201 1924 3262 festum
1988 3211 2348 3262 sanctorum
2412 3203 2669 3263 Fabiani
2735 3211 2797 3263 et
2850 3201 3206 3263 Sebastiani

654 3311 995 3386 martirum,
1042 3329 1208 3370 nunc
1254 3308 1534 3370 similiter
1578 3309 1859 3388 proxime
1891 3310 2272 3388 preteritum,
2320 3319 2383 3370 et
2415 3311 2549 3371 aliis
2582 3311 2802 3371 diebus
2836 3312 2917 3372 ad
2949 3311 3014 3370 id
3045 3309 3205 3388 aptis

648 3428 710 3480 et
749 3413 1215 3493 sufficientibuS,
1251 3419 1330 3478 ad
1361 3417 1555 3479 facies
1587 3417 2058 3496 possessionum
2082 3427 2144 3479 et
2173 3419 2537 3497 porcionum
2569 3418 3206 3498 possessiona'riarum

650 3525 1183 3604 infrascriptarum
1243 3525 1467 3604 prefati
1528 3524 1829 3585 Demetrii
1876 3524 1984 3584 filii
2049 3523 2244 3603 ipsius
2291 3525 2544 3587 Andree
2607 3526 2753 3586 dicti
2817 3526 3038 3602 Kusse,
3087 3523 3205 3584 sibi

644 3643 759 3714 p'er
796 3634 1074 3694 condam
1104 3633 1503 3693 Valentinum
1549 3631 1744 3692 filium
1790 3633 2076 3692 Iwanecz
2114 3631 2221 3692 filii
2249 3634 2642 3712 Wydowych
2677 3635 2756 3694 de
2788 3633 2955 3694 dicta
2977 3633 3203 3706 Losan,

646 3741 1181 3821 consangvineum
1229 3760 1411 3802 suum
1459 3741 1847 3814 donatarum,
1911 3739 2128 3800 vicinis
2176 3749 2241 3801 et
2293 3742 2740 3803 commetaneis
2801 3761 3018 3802 earum
3067 3741 3199 3799 uni·

643 3851 843 3912 versis
890 3850 1038 3910 inibi
1084 3850 1385 3930 legittime
1434 3847 1794 3909 convocatis
1844 3857 1906 3908 et
1951 3850 2346 3926 presentibus
2411 3858 2829 3924 accesserunt,
2893 3857 2956 3910 et
3001 3847 3201 3928 primo

645 3959 805 4019 duas
852 3957 1167 4018 sessiones
1213 3956 1275 4016 in
1323 3955 1603 4034 predicta
1648 3955 1875 4030 Losan,
1923 3975 2114 4015 unam
2163 3957 2397 4018 scilicet
2454 3958 2799 4019 sessionem
2867 3957 3025 4018 inter
3071 3975 3201 4016 ses-

648 4066 889 4125 sionem
922 4064 1182 4144 Georgii
1213 4073 1277 4123 et
1305 4063 1461 4140 Elye
1509 4063 1773 4122 filiorum
1805 4063 2059 4124 Andree
2092 4064 2541 4142 Peczkowycli,
2575 4074 2637 4126 et
2669 4066 2826 4125 inter
2857 4065 3203 4125 sessionem

644 4173 913 4234 filiorum
962 4190 1075 4231 seu
1120 4171 1425 4231 heredum
1472 4171 1739 4231 condam
1800 4171 2147 4247 Ztoyanich
2200 4170 2494 4248 habitam,
2561 4173 2747 4233 aliam
2812 4181 3024 4233 autem
3071 4191 3200 4232 ses·

647 4281 889 4340 sionem
934 4278 1094 4338 inter
1140 4279 1299 4338 duos
1344 4277 1571 4338 fluvios
1616 4278 2080 4356 Lypnychycza
2112 4287 2173 4338 et
2205 4279 2555 4357 Mochyrad
2586 4280 2906 4360 wlgariter
2943 4289 3202 4341 vocatos

652 4387 871 4462 sitam3
918 4385 1069 4448 item
1098 4387 1411 4465 quasdam
1452 4395 1653 4446 terras
1702 4386 1970 4447 arabiles
2004 4396 2067 4446 et
2091 4387 2303 4449 senilia
2331 4387 2395 4448 in
2428 4389 2651 4449 eadem
2700 4390 2926 4465 Losan,
2973 4389 3203 4450 ibidem

650 4512 863 4574 prope,
908 4493 973 4554 in
1018 4494 1143 4554 fine
1175 4493 1411 4555 scilicet
1456 4494 1733 4574 ipsarum
1764 4493 2133 4570 sessionum,
2180 4495 2340 4556 inter
2371 4504 2572 4556 metas
2603 4495 2902 4556 nobilium
2926 4497 3006 4557 de
3037 4498 3201 4557 lare·

646 4601 811 4678 bych
873 4602 952 4662 de
1012 4601 1204 4661 fluvio
1265 4601 1617 4679 Mochyrad
1675 4601 1838 4662 infra
1897 4602 2297 4680 procedendo
2361 4611 2424 4662 et
2485 4604 2568 4664 ad
2629 4604 2887 4663 dumum
2949 4621 3062 4666 seu
3119 4606 3201 4665 ad

654 4709 879 4768 rubum
926 4708 1252 4769 cuiusdam
1292 4708 1529 4769 arboris
1563 4709 1829 4786 rakytha
1860 4711 2031 4790 wlgo
2071 4719 2311 4786 vocate,
2343 4710 2853 4792 rakythowgerm
2883 4711 3203 4792 wlgariter

650 4815 885 4877 dictum
930 4816 1373 4895 perveniendO,
1421 4825 1483 4877 et
1529 4816 1609 4877 ab
1639 4817 1784 4877 hinc
1814 4817 1895 4878 ad
1923 4818 2184 4878 dumum
2226 4837 2339 4878 seu
2375 4817 2598 4878 rubum
2629 4818 2758 4880 tilie
2790 4820 2957 4901 wlgo
2987 4820 3200 4899 lipow-

658 4942 837 5005 germ
887 4926 1263 5003 appellatum
1313 4926 1536 4999 eund0‚
1584 4925 1808 4986 deinde
1854 4944 2047 5004 supra
2095 4927 2176 4985 ad
2216 4925 2446 4986 siccam
2493 4945 2754 5005 parvam
2800 4927 3202 5016 Lypnyczam
