3917 5592
750 411 880 475 252

748 649 893 688 cum
940 628 1263 701 instancia,
1312 635 1379 686 ut
1423 636 1704 688 tenorem
1770 629 2112 689 earundem
2159 628 2223 688 in
2268 629 2640 708 transcripto
2687 630 3030 691 litterarum
3077 637 3315 691 nostra·

751 756 891 795 rum
939 735 1057 795 sibi
1105 745 1167 795 et
1214 734 1391 794 dictis
1457 736 1591 795 aliis
1640 736 1789 795 dare
1855 736 2261 816 dignaremur
2323 737 2472 797 iuris
2518 739 2797 816 ipsorum
2845 740 2927 798 ad
2989 741 3314 800 cautelam.

756 845 1038 921 Quarum
1086 851 1268 903 tenor
1312 844 1453 904 talis
1500 852 1626 904 est:
1690 844 1923 921 (Vide
1988 845 2158 904 doc.
2209 865 2261 905 a.
2321 843 2505 908 1436.
2571 844 2630 906 9.
2692 847 2891 908 febr.
2955 847 3124 907 sub.
3187 847 3318 908 No.

753 947 943 1028 234).
993 951 1126 1010 Nos
1174 951 1363 1031 igitur
1408 951 1585 1011 iustis
1634 959 1697 1010 et
1742 952 1860 1011 iuri
1907 952 2200 1012 consonis
2261 952 2672 1031 peticionibus
2732 953 2956 1032 prefati
3016 953 3319 1033 Stephani

754 1060 861 1119 filii
908 1059 1128 1133 Pethk,
1177 1059 1459 1138 suppani,
1508 1078 1622 1118 suo
1670 1067 1735 1118 et
1778 1060 2134 1120 nominibus
2181 1061 2407 1138 quibus
2455 1079 2644 1138 supra
2693 1061 2774 1120 ad
2819 1079 2936 1120 nos
2979 1061 3160 1120 factis
3211 1079 3317 1120 an-

754 1176 1039 1242 nuenteS,
1085 1167 1464 1246 prescriptas
1529 1167 1766 1227 litteras
1814 1168 1961 1227 dicti
2009 1168 2242 1228 domini
2305 1168 2499 1228 nostri
2562 1169 2954 1246 imperatoris
3017 1177 3078 1228 et
3128 1167 3315 1247 regiS,

756 1275 1152 1354 presentibus
1198 1275 1418 1335 litteris
1464 1276 1693 1334 nostris
1754 1275 1944 1335 inseri
1993 1293 2070 1335 ac
2119 1276 2197 1335 de
2243 1276 2439 1335 verbo
2488 1277 2570 1336 ad
2615 1277 2877 1336 verbum
2941 1276 3076 1336 sine
3141 1277 3315 1336 dimi-

754 1382 1020 1442 nucione
1066 1390 1129 1442 et
1175 1390 1516 1462 augmento
1566 1381 1815 1460 aliquali
1845 1382 2191 1442 transsumi
2231 1391 2295 1442 et
2339 1383 2702 1443 transscribi
2737 1383 3064 1463 sigilloque
3095 1391 3311 1442 nostro

754 1490 1049 1568 pendenti
1098 1488 1465 1554 communiri
1513 1489 1817 1563 iaciendO,
1866 1489 2106 1550 eisdem
2173 1489 2462 1549 duximus
2511 1490 2946 1550 concedendas
3013 1489 3162 1549 iuris
3228 1489 3316 1567 ip-

750 1617 963 1658 sorum
1011 1599 1087 1657 ad
1155 1598 1481 1656 cautelam.
1544 1598 1778 1657 Datum
1824 1597 1980 1657 feria
2044 1597 2260 1675 quinta
2323 1597 2606 1676 proxima
2653 1606 2797 1675 post
2855 1598 3086 1657 festum
3145 1597 3314 1657 beati

750 1705 1031 1783 Dyonisii
1081 1704 1358 1782 episcopi
1409 1714 1471 1764 et
1522 1705 1808 1775 martiriS,
1858 1722 2023 1763 anno
2057 1704 2291 1763 domini
2337 1704 2664 1764 millesimo
2693 1704 3312 1784 quadringentesimo

746 1813 1061 1873 tricesimo
1110 1812 1391 1890 septimo,

969 1951 1253 2022 originale
1311 1951 1755 2020 membraneum,
1808 1967 1953 2005 zona
2010 1950 2225 2005 sericea
2275 1951 2428 2005 rubri
2487 1955 2543 2005 et
2599 1950 2740 2005 fusci
2791 1951 2997 2005 coloris
3036 1950 3318 2019 appendet

754 2043 969 2110 absque
1006 2041 1205 2109 sigillo.
1247 2041 1305 2094 In
1349 2041 1582 2096 archivo
1623 2041 2046 2094 communitatis
2085 2040 2360 2094 nobilium
2402 2041 2470 2094 de
2508 2039 2830 2109 Turopolje.

1943 2341 2154 2413 240.

958 2560 1142 2619 Anno
1199 2556 1384 2619 1439.
1434 2557 1537 2619 23.
1585 2560 1897 2621 februarii.
1947 2561 2317 2640 Zagrabiae.

750 2769 1081 2836 Seboldus
1126 2770 1379 2855 Mayar
1402 2789 1637 2834 comes
1672 2770 1923 2855 Campi
1953 2771 2468 2856 Zagrabiens‘iS,
2499 2771 2583 2835 de
2605 2775 2887 2856 peracta
2939 2772 3320 2836 statutione

747 2877 1073 2941 dominae
1099 2875 1515 2941 Scolasticae
1526 2876 1731 2960 filiae
1756 2876 2050 2962 Georgii
2069 2877 2150 2942 de
2175 2877 2409 2942 Mlaka
2435 2877 2514 2942 in
2542 2879 2886 2942 sessiones
2907 2881 2972 2941 et
2995 2881 3316 2962 quartam

743 2983 1125 3068 puellarem
1169 2983 1391 3048 eidem
1434 2988 1565 3068 per
1600 2987 1875 3068 patrem
1922 3005 2136 3048 suum
2170 2984 2744 3048 testamentaliter
2772 2985 3052 3068 legatae,
3084 2984 3315 3072 refert.

969 3201 1103 3259 Nos
1165 3200 1475 3260 Seboldus
1522 3199 1751 3276 Mayar
1796 3219 2012 3260 comes
2060 3199 2287 3278 Campi
2332 3201 2777 3280 Zagrabiensis
2841 3221 2914 3262 ac
2961 3203 3317 3280 Stephanus

746 3307 909 3366 filius
984 3306 1161 3366 Pedk
1208 3306 1286 3366 de
1335 3307 1684 3366 Lokowecz
1734 3326 1945 3367 comes
2008 3308 2318 3367 terrestris
2384 3308 2664 3368 eiusdem
2729 3309 2955 3387 Campi
3018 3310 3315 3369 memorie

749 3414 1260 3473 commendamus
1306 3432 1421 3491 per
1464 3422 1807 3491 presenteS,
1857 3415 2027 3492 quod
2072 3414 2254 3473 nobis
2301 3414 2456 3474 feria
2504 3416 2780 3475 secunda
2829 3416 3112 3493 proxima
3169 3425 3314 3476 ante

757 3521 985 3580 festum
1044 3521 1231 3580 beate
1292 3519 1635 3579 Scolastice
1692 3520 1972 3600 virginiS,
2035 3540 2200 3580 nunc
2265 3521 2546 3599 proxime
2608 3522 2988 3599 preteritum,
3051 3523 3114 3580 in
3161 3523 3312 3582 sede

752 3635 967 3687 nostra
1013 3627 1336 3688 iudiciaria
1382 3628 1563 3688 solita
1610 3628 2023 3708 Zagrabiensi
2069 3628 2133 3687 in
2180 3628 2406 3687 iudicio
2453 3647 2566 3706 pro
2613 3629 2904 3688 tribunali
2951 3629 3316 3689 sodentibus

756 3755 1107 3814 causasque
1156 3743 1520 3795 cunctorum
1568 3755 1780 3795 coram
1828 3736 2009 3794 nobis
2055 3735 2442 3815 litigancium
2489 3735 2651 3796 iusto
2697 3736 2848 3795 iuris
2884 3735 3310 3796 moderamine

750 3843 1249 3917 discucientibu3‚
1296 3841 1538 3903 nobiles
1585 3844 1701 3903 viri
1747 3844 2006 3903 Marcus
2043 3843 2204 3903 filius
2251 3844 2422 3902 Iwan
2469 3844 2577 3904 filii
2625 3845 2831 3903 Laezk
2865 3844 2944 3903 de
2993 3844 3208 3902 Mlaka
3255 3852 3318 3903 et

750 3950 996 4010 Blasius
1042 3951 1204 4009 filius
1254 3951 1513 4027 Mathye
1560 3951 1668 4011 filii
1714 3951 1919 4011 Marci
1967 3970 2042 4010 ac
2071 3951 2368 4011 Nicolaus
2401 3959 2464 4010 et
2492 3951 2859 4010 Valentinus
2907 3950 3068 4010 filius
3117 3951 3315 4009 Bene·

747 4057 893 4116 dicti
942 4057 1021 4116 de
1070 4057 1293 4116 eadem
1342 4058 1572 4131 Mlaka,
1623 4058 1701 4117 de
1764 4058 1971 4117 medio
2037 4059 2297 4118 aliorum
2355 4058 2653 4117 nobilium
2716 4057 2862 4116 dicti
2917 4056 3144 4135 Campi
3193 4058 3310 4115 Za-

748 4164 1099 4244 grabiensis
1132 4163 1459 4224 nobiscum
1503 4184 1617 4242 pro
1647 4173 1793 4223 tunc
1839 4165 1903 4224 in
1950 4165 2178 4225 iudicio
2211 4185 2324 4243 pro
2357 4165 2646 4225 tribunali
2689 4165 3066 4236 sedeneium,
3115 4163 3310 4223 nostri

750 4271 1162 4350 personaliter
1208 4273 1574 4351 exurgendo
1622 4273 1684 4331 in
1732 4273 2142 4350 presenciam,
2215 4274 2296 4332 ad
2343 4273 2532 4332 fidem
2592 4291 2808 4332 eorum
2856 4272 2976 4331 deo
3031 4271 3306 4332 debitam

751 4378 869 4436 sub
914 4377 1263 4437 iuramento
1310 4386 1455 4437 sunt
1500 4379 1652 4438 fassi
1700 4389 1761 4439 et
1810 4381 2083 4440 attestati
2118 4400 2194 4440 eo
2219 4380 2426 4450 mod0,
2473 4388 2542 4439 ut
2575 4380 2724 4439 dum
2770 4378 2991 4437 nobilis
3040 4379 3306 4437 condam

756 4485 853 4543 vir
900 4484 1213 4564 Georgius
1260 4486 1421 4544 filius
1470 4487 1711 4546 Nicolai
1760 4488 1837 4547 de
1885 4488 2164 4565 predicta
2229 4488 2461 4562 Mlaka,
2524 4487 2586 4546 in
2635 4487 2891 4546 articulo
2940 4504 3051 4544 sue
3099 4486 3314 4544 mortis

756 4609 867 4650 seu
914 4591 978 4650 in
1027 4592 1318 4650 extremis
1351 4593 1477 4652 vite
1526 4612 1638 4653 sue
1684 4595 2047 4672 temporalis
2094 4595 2458 4668 laborasset,
2491 4601 2638 4652 tunc
2670 4593 2805 4670 ipse
2837 4593 3089 4652 totalem
3135 4611 3316 4650 suam

749 4698 1095 4757 sessionem
1141 4699 1201 4757 in
1249 4700 1494 4776 prefata
1540 4701 1773 4775 Mlaka,
1820 4703 1881 4761 in
1932 4701 2245 4762 vicinitate
2294 4702 2686 4779 infrascripta
2745 4700 3038 4771 habitam,
3086 4699 3149 4758 in
3183 4719 3308 4776 qua

750 4803 983 4863 scilicet
1030 4805 1310 4864 sessione
1358 4806 1523 4866 idem
1572 4808 1885 4888 Georgius
1933 4829 2131 4887 usque
2174 4811 2254 4868 ad
2302 4809 2500 4886 ipsam
2550 4815 2810 4866 mortem
2869 4825 3047 4864 suam
3075 4815 3314 4883 tempo-

757 4913 949 4972 ralem
998 4911 1343 4970 habitasset
1389 4922 1451 4971 et
1496 4917 1959 4992 permansisset,
2010 4934 2083 4975 ac
2131 4917 2385 4994 insuper
2431 4923 2716 4992 quartam
2763 4923 3006 4992 partem
3034 4916 3307 4975 omnium
