3917 5592
3042 465 3127 532 57

568 699 642 746 ex
693 704 768 745 eo
815 680 1143 747 vniuersas
1191 681 1624 763 possessiones
1674 682 1954 746 eiusdem
2004 684 2081 747 de
2129 684 2273 771 iure·
2318 694 2530 748 nostre
2578 687 2901 748 collacioni
2950 688 3133 765 perti-

563 812 737 868 nere,
801 812 840 853 a
887 792 1066 852 nobis
1127 792 1246 853 sibi
1309 793 1444 853 dari
1491 801 1554 854 et
1600 794 1867 853 conferri
1931 804 2236 873 perpetuo
2283 796 2653 873 postulauit3
2724 814 2943 855 verum
2990 794 3136 872 quia

566 902 642 961 de
689 902 988 980 qualitate
1036 910 1100 961 et
1143 901 1492 981 quantitate
1541 902 1848 962 dictarum
1876 903 2349 980 possessionum
2398 912 2460 963 et
2505 912 2711 963 vtrum
2758 904 2946 963 modo
2994 922 3133 981 pre-

565 1010 756 1067 misso
803 1018 1016 1069 nostre
1063 1010 1416 1087 pertineant
1479 1010 1804 1070 collacioni
1849 1030 1967 1070 nec
2014 1030 2111 1085 ne,
2183 1012 2363 1070 nobis
2411 1011 2645 1071 veritas
2698 1030 2825 1071 non
2873 1019 3135 1085 constat,

565 1117 708 1177 ideo
754 1117 1034 1178 fidelitati
1081 1126 1290 1178 vestre
1321 1119 1580 1178 firmiter
1625 1118 2027 1197 precipiendo
2060 1120 2451 1194 mandamuS,
2500 1128 2809 1198 quatenus
2856 1128 3135 1180 vestrum

567 1225 822 1284 mittatis
868 1225 1184 1286 hominem
1255 1244 1369 1303 pro
1417 1226 1773 1286 testimonio
1819 1226 2227 1305 fidedignum‚
2303 1246 2427 1305 quo
2474 1236 2765 1305 presente
2826 1228 3135 1287 Martinus

567 1333 645 1392 de
695 1333 1002 1392 Rokonok
1049 1334 1150 1392 vel
1195 1334 1418 1393 Petrus
1467 1333 1628 1392 filius
1677 1334 1937 1393 Nezmel
1986 1342 2095 1393 aut
2140 1334 2455 1415 Georgius
2502 1335 2663 1395 filius
2696 1336 2951 1409 Thatar,
3000 1334 3136 1394 aliis

569 1440 932 1501 absentibus
979 1440 1167 1500 horno
1213 1450 1443 1514 noster,
1501 1442 1582 1500 ad
1627 1440 1854 1501 faciem
1921 1441 2229 1503 dictarum
2278 1443 2749 1521 possessionum
2803 1442 3023 1503 vicinis
3073 1452 3136 1503 et

569 1548 1014 1608 commetaneis
1077 1548 1208 1609 suis
1268 1548 1578 1609 vniuersis
1623 1549 1900 1629 legitime
1950 1550 2312 1610 conuocatis
2376 1559 2438 1611 et
2502 1551 2898 1629 presentibus
2958 1570 3134 1611 acce-

568 1658 790 1732 dend0,
839 1657 1186 1717 reambulet
1229 1658 1400 1735 ipsas
1447 1676 1559 1736 per
1606 1676 1791 1720 veras
1839 1677 1989 1717 suas
2021 1667 2225 1719 metas
2272 1666 2335 1718 et
2382 1659 2687 1739 antiquaS‚
2719 1678 2919 1719 nouas
2966 1659 3138 1719 iuxta

569 1774 816 1825 veteres
880 1764 984 1824 ubi
1046 1784 1309 1825 necesse
1356 1764 1541 1824 fuerit
1605 1764 1924 1845 erigend0‚
1998 1765 2579 1843 reambulatamque
2642 1766 2695 1825 si
2745 1785 2854 1827 eas
2920 1776 3133 1826 nostre

569 1870 892 1932 collacioni
946 1872 1327 1950 pertinentes
1373 1872 1508 1933 fore
1556 1872 1880 1946 invenerit,
1947 1880 2183 1932 statuat
2230 1872 2401 1951 ipsas
2471 1872 2779 1952 premisso
2828 1874 3138 1953 Gregorio

567 1979 692 2038 filio
737 1979 1041 2057 Stephani
1087 1998 1164 2039 eo
1209 1978 1361 2055 iure,
1409 1998 1534 2059 quo
1570 1980 1651 2039 ad
1682 1988 1965 2040 nostram
2013 1981 2418 2040 collacionem
2462 1980 2773 2061 pertinent
2818 1982 2953 2041 sine
2999 2000 3136 2060 pre-

569 2086 793 2147 iudicio
853 2086 1002 2147 iuris
1053 2087 1238 2147 alieni
1298 2098 1602 2165 perpetuo
1660 2088 2099 2165 possidenda3‚
2152 2088 2205 2149 si
2252 2108 2379 2147 non
2422 2089 2607 2149 fuerit
2670 2089 3140 2163 contradictum,

569 2195 1057 2255 contradictores
1106 2204 1333 2269 autem,
1381 2196 1433 2255 si
1481 2196 1588 2275 qui
1633 2195 1879 2271 fuerint,
1927 2207 2148 2259 contra
2220 2198 2491 2257 eundem
2540 2197 2621 2256 ad
2668 2206 2945 2258 nostram
2995 2197 3141 2257 citet

569 2301 962 2381 presenciam
1011 2303 1092 2361 ad
1139 2301 1468 2362 terminum
1520 2312 1997 2382 competentem,
2046 2313 2108 2364 et
2154 2312 2298 2381 post
2334 2305 2453 2365 hec
2500 2304 2726 2365 seriem
2773 2303 2967 2383 ipsius
3014 2313 3138 2364 sta-

570 2409 834 2469 tucionis
883 2428 1025 2468 cum
1072 2408 1361 2469 cursibus
1431 2418 1742 2471 metarum
1788 2412 1888 2470 vel
1934 2410 2288 2471 nominibus
2336 2411 2863 2475 contradictorum
2912 2421 2974 2471 et
3018 2420 3139 2473 ter·

570 2516 740 2577 mino
785 2515 1126 2597 assignato,
1176 2516 1228 2576 si
1275 2516 1410 2578 fieri
1457 2517 1798 2597 contingat,
1845 2526 2059 2577 nostre
2106 2518 2371 2579 fideliter
2402 2518 2759 2579 rescribatis
2806 2519 3140 2583 maiestati.

574 2623 806 2683 Datum
851 2622 915 2683 in
961 2624 1373 2703 Wyssegrad‚
1430 2624 1495 2684 in
1541 2624 1705 2684 festo
1750 2625 1950 2687 beate·
2004 2624 2345 2685 Katherine
2392 2625 2653 2706 virginis
2720 2635 2784 2687 et
2843 2626 3130 2700 martiriS,

576 2750 738 2790 anno
786 2730 1018 2791 domini
1065 2724 1568 2816 M⁰.C(;C⁰.XL⁰.
1617 2741 1857 2811 quarto,

795 2872 838 2925 E
873 2871 1156 2925 relatoriis
1194 2868 1424 2940 capituli
1463 2871 1735 2927 ecclesiae
1791 2872 2184 2940 Zagrabiensis
2223 2888 2273 2926 a.
2315 2872 2471 2927 1346.
2512 2871 2595 2927 12.
2636 2871 2792 2942 maii,
2848 2888 2949 2941 per
2986 2870 3137 2927 idem

579 2960 884 3030 capitulum
923 2976 973 3016 a.
1015 2958 1172 3015 1346.
1215 2959 1301 3017 16.
1339 2960 1476 3015 maii
1514 2962 1901 3031 transumptis.
1957 2962 2019 3019 ln
2057 2962 2293 3016 archivo
2330 2978 2547 3029 regnor.
2588 2960 2643 3016 C.
2686 2961 2739 3015 S.
2778 2964 2835 3016 et
2871 2961 2968 3016 D.:
3006 2962 3141 3016 Doc.

579 3049 748 3103 medii
787 3050 914 3105 aevi
953 3064 1004 3105 a.
1043 3047 1218 3119 1344„
1256 3050 1394 3104 olim
1433 3050 1573 3105 Acta
1610 3054 1851 3107 monast.
1889 3050 2245 3107 Remetensis
2283 3052 2418 3105 fasc.
2458 3050 2504 3103 1.
2546 3050 2648 3107 No.
2688 3051 2737 3105 7.

1787 3335 1930 3404 58.

794 3536 979 3596 Anno
1038 3532 1220 3595 1346.
1279 3534 1372 3595 12.
1421 3536 1584 3595 maii.

590 3728 992 3813 Capitulum
1041 3728 1360 3792 ecclesiae
1391 3728 1906 3813 Zagrabiensis,
1955 3728 2297 3793 Lodovico
2344 3728 2760 3811 Hungaricre
2806 3733 2921 3793 etc.
2974 3729 3146 3812 regi,

585 3836 666 3899 de
706 3839 988 3920 peracta
1018 3836 1397 3901 statutione
1437 3836 1902 3920 possessionis
1933 3834 2374 3914 Rakitouech,
2432 3836 2771 3921 Gregorio
2806 3835 2968 3921 filio
3001 3836 3146 3901 Ste-

1592 3941 1834 4026 phani,
1879 3941 2110 4027 refert.

797 4142 1332 4203 Excellentissimo
1379 4141 1641 4221 principi
1689 4142 1940 4201 domino
1975 4143 2294 4203 Lodouico
2342 4144 2445 4203 dei
2490 4144 2707 4222 gracia
2746 4144 2963 4203 illustri
3011 4144 3143 4223 regi

587 4250 914 4332 Hungarie
963 4250 1214 4315 domino
1280 4268 1498 4309 eorum
1546 4251 1913 4325 reuerendO,
1986 4250 2325 4328 capitulum
2372 4252 2635 4311 ecclesie
2702 4251 3147 4329 Zagrabiensis

588 4359 915 4419 oraciones
961 4376 1075 4436 pro
1123 4377 1198 4417 eo
1233 4358 1314 4417 ad
1345 4357 1682 4417 dominum.
1730 4357 2047 4417 Noueritis
2096 4378 2210 4417 nos
2260 4358 2467 4417 literas
2517 4365 2725 4416 vestre
2776 4357 3147 4417 excellencie

589 4467 952 4529 reuerencia
980 4486 1108 4545 qua
1139 4465 1347 4528 decuit
1393 4465 1707 4543 recepisse
1741 4466 1802 4524 in
1841 4467 1957 4525 hec
1991 4466 2215 4525 verba:
2270 4467 2350 4542 (V
2374 4466 2395 4525 i
2420 4466 2460 4525 d
2486 4484 2521 4525 e
2567 4484 2607 4542 p
2635 4483 2664 4523 r
2689 4483 2726 4523 a
2752 4484 2786 4523 e
2812 4484 2845 4522 c
2873 4484 2906 4523 e
2934 4465 2973 4523 d
2998 4482 3033 4523 e
3058 4484 3099 4521 n
3118 4484 3147 4522 s

589 4576 768 4635 doc.
832 4574 1046 4633 anni
1121 4571 1303 4634 1344.
1368 4572 1471 4633 25.
1529 4572 2057 4633 novembris
2120 4573 2273 4631 sub
2336 4573 2451 4631 No.
2500 4570 2646 4647 58.).
2740 4570 2871 4629 Nos
2940 4578 3148 4629 autem

589 4682 901 4743 mandatis
947 4690 1158 4742 vestre
1208 4682 1584 4741 excellencie
1624 4682 2062 4759 obtemperare
2112 4680 2376 4740 fideliter
2406 4681 2688 4739 volentes
2733 4687 2802 4738 ut
2847 4686 3148 4751 tenemur,

590 4810 734 4851 cum
791 4790 1073 4869 predicto
1135 4789 1408 4849 Martino
1455 4789 1534 4849 de
1581 4790 1884 4849 Rokonok
1953 4788 2205 4847 homine
2253 4795 2481 4862 vestro,
2550 4787 2885 4846 discretum
2950 4785 3149 4844 virum

591 4898 910 4959 dominum
955 4899 1294 4958 Iohannem
1343 4898 1666 4957 custodem
1713 4898 1977 4958 ecclesie
2024 4904 2251 4969 nostre,
2302 4896 2383 4954 ad
2430 4895 2735 4972 premissa
2782 4896 3150 4972 exequenda

589 5025 703 5083 pro
749 5006 1104 5065 testimonio
1145 5004 1433 5064 duximus
1481 5005 2040 5080 transmittendum,
2088 5004 2193 5083 qui
2227 5004 2479 5063 demum
2528 5004 2607 5063 ad
2654 5022 2769 5062 nos
2816 5000 3147 5061 redeuntes
