3917 5592
818 417 947 489 224

815 629 1159 693 Benedicto
1205 634 1487 693 Iwnossa
1536 633 1713 693 aliter
1758 635 2038 714 Iagnych
2087 643 2150 694 et
2196 635 2442 695 Thoma
2509 635 2945 713 Zthanethych
3006 639 3086 698 de
3148 638 3370 699 cadem

814 741 1135 821 Superiori
1216 743 1614 816 kaawech,
1680 742 1942 803 Nicolao
2023 743 2342 819 Kwschyh
2405 744 2484 803 de
2547 743 2871 821 Kysobres
2948 764 3024 805 ac
3099 746 3376 826 providis

816 852 1004 910 Petro
1052 849 1311 925 Czinah,
1359 850 1564 911 iudice
1612 859 1674 910 et
1719 851 1955 911 Ioanne
1986 852 2229 931 Zalogy
2277 852 2499 911 colono
2532 853 2610 912 de
2658 853 3078 931 Pethrowyna
3123 856 3188 915 in
3234 875 3373 934 per-

816 978 975 1021 sona
1022 958 1342 1039 magnifici
1389 958 1623 1019 domini
1667 958 2000 1019 Laurencii
2065 960 2272 1019 Thoth
2319 960 2398 1019 de
2444 961 2915 1035 Zomzedwara,
2978 962 3210 1024 domini
3258 964 3374 1023 sei-

817 1067 961 1126 licet
1006 1065 1284 1145 ipsorum
1337 1085 1414 1126 ac
1459 1065 1595 1125 aliis
1642 1084 1832 1143 quam
1879 1065 2160 1143 pluribus
2222 1065 2503 1125 similiter
2550 1066 2768 1127 vicinis
2816 1078 2880 1127 et
2925 1070 3372 1130 commetaneis

820 1172 1050 1234 ibidem
1100 1172 1376 1254 legitime
1443 1171 1803 1233 convocatis
1851 1180 1913 1231 et
1958 1172 2354 1251 presentibus
2417 1174 2794 1249 accedendO,
2858 1184 3106 1238 veteres
3153 1187 3215 1237 et
3263 1196 3372 1237 an·

818 1280 1023 1360 tiquas
1088 1289 1289 1341 metas
1338 1290 1401 1341 et
1459 1279 1759 1340 terminos
1826 1279 2112 1340 eiusdem
2171 1280 2587 1359 possessionis
2634 1282 3105 1359 reambulasset,
3171 1304 3373 1345 nouas

819 1388 1049 1467 ubique
1096 1408 1292 1467 penes
1339 1397 1585 1450 veteres
1632 1388 1803 1447 iuxta
1865 1407 2086 1447 verum
2133 1407 2384 1454 cursum
2447 1388 2789 1449 earundem
2834 1390 2898 1450 in
2943 1392 3096 1452 locis
3157 1412 3377 1453 neces-

820 1496 999 1557 sariis
1046 1496 1349 1577 erigendo
1398 1496 1849 1575 consignasset.
1922 1495 2209 1573 Quarum
2256 1494 2508 1575 quidem
2554 1504 2862 1557 metarum
2929 1497 3377 1579 signorumque

820 1604 1139 1665 metalium
1186 1622 1406 1664 cursus
1476 1602 1756 1682 sequitur
1815 1603 1937 1662 hoc
1997 1603 2214 1662 modo:
2276 1601 2478 1681 prima
2539 1602 2750 1683 itaque
2813 1614 2983 1666 meta
3043 1606 3256 1686 incipit
3315 1608 3377 1668 in

718 1767 731 1779 ,
818 1712 1011 1772 fluvio
1056 1712 1471 1789 Peschenyak
1532 1720 1776 1784 vocato,
1840 1710 1901 1769 in
1948 1710 2089 1769 loco
2151 1709 2257 1789 qui
2319 1710 2540 1771 dicitur
2602 1710 3377 1794 Kralychynobrodysche,

820 1820 927 1881 ubi
973 1840 1012 1881 a
1058 1820 1311 1881 sinistra
1374 1838 1487 1879 seu
1552 1817 1922 1879 occidentali
1987 1827 2164 1897 parte
2227 1827 2324 1879 est
2369 1828 2538 1879 meta
2600 1819 2746 1880 dicti
2802 1821 2981 1881 Pauli
3056 1822 3270 1903 magni
3317 1833 3380 1883 et

818 1927 1117 1990 nobilium
1166 1929 1244 1987 de
1291 1926 1608 2006 Superiori
1656 1926 2054 1998 kaawech,
2102 1926 2181 1985 ab
2237 1925 2382 1985 inde
2427 1946 2624 2005 penes
2672 1929 2938 1987 eandem
2985 1939 3219 1989 metam
3263 1930 3380 1991 Su·

819 2036 1028 2115 perior
1073 2035 1471 2107 kaawech‚
1532 2033 1735 2113 ipsam
1784 2050 2034 2111 semper
2079 2052 2119 2092 a
2165 2033 2428 2095 sinistris
2490 2035 2765 2094 tenendo
2811 2053 2925 2114 per
2985 2038 3230 2113 sylvam
3278 2057 3373 2097 ar-

819 2144 1131 2222 boresque
1180 2140 1512 2221 quercinas
1545 2158 1729 2200 cruce
1762 2140 2049 2220 signatas
2097 2140 2159 2199 in
2207 2141 2375 2200 bono
2408 2140 2623 2220 spacio
2651 2142 2934 2220 procedit
2980 2144 3062 2203 ad
3110 2154 3378 2223 septem-

819 2250 1148 2311 trionalem
1214 2251 1468 2329 plagam
1518 2260 1581 2309 et
1627 2248 1911 2327 pervenit
1957 2248 2039 2307 ad
2086 2249 2403 2326 quandam
2466 2267 2766 2328 magnam
2813 2250 3102 2310 arborem
3168 2252 3378 2331 querci

825 2358 1003 2427 tulffa
1049 2357 1280 2419 dictam
1327 2376 1513 2417 cruce
1546 2356 1878 2436 signatam,
1932 2355 2011 2414 ab
2045 2355 2190 2415 inde
2223 2355 2504 2434 procedit
2533 2354 2813 2421 similiter
2857 2358 2922 2417 in
2967 2359 3134 2420 bono
3167 2360 3382 2439 spacio

752 2486 759 2491 ·
821 2484 936 2543 per
982 2466 1210 2525 abores
1257 2464 1589 2544 quercinas
1638 2482 1823 2523 cruce
1870 2462 2155 2542 signatas
2203 2464 2284 2523 ad
2331 2464 2600 2523 eandem
2665 2464 2924 2545 plagam
2968 2447 3380 2546 pervenitque
3401 2450 3414 2467 ⁵

820 2573 901 2632 ad
948 2590 1139 2631 unam
1184 2572 1351 2632 viam
1398 2570 1728 2650 publicam,
1774 2588 1889 2650 per
1934 2590 2124 2649 quam
2173 2570 2423 2630 divertit
2487 2590 2708 2649 parum
2757 2572 3136 2633 reflectendo
3201 2574 3382 2653 quasi

822 2680 903 2739 ad
949 2678 1270 2753 orientem,
1320 2688 1382 2739 et
1427 2677 1762 2757 pertransit
1823 2678 2136 2756 quendam
2189 2696 2455 2756 parvum
2515 2686 2856 2739 torrentem
2918 2668 3200 2759 tempore
3246 2682 3378 2760 plu-

822 2786 999 2847 nioso
1062 2788 1512 2860 decurrentem,
1576 2795 1640 2845 et
1683 2784 1824 2864 ipsa
1885 2783 1989 2844 via
2036 2784 2098 2843 in
2161 2802 2358 2863 parvo
2421 2785 2637 2864 spacio
2697 2786 3013 2848 tendendo
3081 2788 3251 2849 venit
3297 2789 3378 2848 ad

823 2913 1193 2957 concursum
1240 2896 1505 2955 duarum
1551 2893 1794 2953 viarum
1824 2891 2262 2966 communium,
2310 2912 2436 2951 una
2483 2912 2558 2952 ex
2606 2894 3029 2971 Pethrowyna
3076 2906 3138 2954 et
3186 2896 3382 2956 altera

824 3022 899 3063 ex
948 3002 1115 3063 dicta
1160 3001 1419 3061 Inferior
1480 3001 1853 3060 kaawecz
1902 3000 1984 3059 ad
2051 2998 2542 3077 promontorium
2603 3000 2740 3074 itur,
2789 3020 2828 3061 a
2873 3021 2998 3080 quo
3061 3002 3230 3062 bivio
3275 3022 3389 3081 per

824 3111 1025 3191 ipsam
1073 3112 1243 3172 viam
1288 3110 1451 3170 dicte
1498 3109 1757 3169 Interior
1802 3110 2200 3183 kaawech,
2257 3109 2574 3168 modicum
2618 3112 3001 3171 transeundo
3049 3132 3126 3171 ex
3166 3113 3390 3173 eadem

825 3220 906 3279 ad
954 3220 1267 3279 sinistram
1340 3218 1519 3296 quasi
1568 3218 1649 3277 ad
1696 3217 2088 3277 occidentem
2154 3216 2480 3277 estivalem
2529 3215 2794 3292 divertit,
2863 3226 2925 3278 et
2971 3238 3084 3297 per
3131 3220 3388 3279 arbores

824 3327 1155 3405 quercinas
1222 3336 1284 3386 et
1328 3324 1540 3386 senilia
1602 3324 1833 3384 directe
1895 3324 2280 3383 transeundo
2343 3324 2628 3402 pervenit
2673 3325 2756 3384 ad
2818 3326 3134 3404 quendam
3179 3328 3386 3386 locum

824 3442 1107 3512 tempore
1188 3432 1443 3511 pluviali
1520 3451 1843 3511 aquosum,
1926 3431 2708 3510 Meynemokryczeglawa
2769 3441 3084 3508 vocatum,
3153 3442 3216 3493 et
3273 3452 3386 3512 per

827 3541 1095 3602 eandem
1140 3540 1734 3618 Meynamokrycza,
1782 3558 1904 3617 que
1938 3537 2216 3598 similiter
2249 3556 2499 3616 semper
2545 3538 2763 3598 dividit
2794 3548 2995 3600 metas
3043 3542 3386 3601 earundem

824 3648 1299 3728 possessionum
1329 3646 1588 3707 Inferior
1634 3655 1698 3706 et
1743 3646 2044 3725 Superior
2075 3645 2456 3705 kaawech
2503 3654 2567 3705 et
2612 3644 2758 3707 dicti
2803 3646 2984 3707 Pauli
3027 3648 3263 3727 magni,
3297 3646 3378 3707 ad

827 3754 1400 3835 septemtrionalem
1447 3756 1701 3835 plagam
1748 3754 1811 3813 in
1858 3773 2094 3834 magno
2143 3752 2356 3831 spacio
2422 3752 2747 3813 descendit
2811 3764 2874 3813 et
2917 3754 3106 3815 intrat
3151 3753 3214 3814 in
3261 3762 3382 3813 tor-

826 3871 1068 3923 rentem
1130 3864 1643 3940 Rakythowycza
1701 3869 2016 3936 vocatum,
2065 3870 2128 3921 et
2173 3881 2287 3941 per
2349 3863 2619 3922 eundem
2667 3863 2748 3921 ad
2796 3864 3062 3923 eandem
3125 3863 3382 3943 plagam

828 3969 1098 4031 meando
1144 3969 1334 4029 intrat
1380 3969 1442 4028 in
1489 3968 1749 4029 fluvium
1813 3970 2212 4043 kaawech,
2271 3968 2378 4028 ubi
2423 3978 2593 4028 meta
2641 3969 2787 4028 dicti
2847 3970 3150 4047 Stephani
3209 3970 3385 4028 Pedk

828 4096 971 4137 cum
1018 4075 1263 4156 prefato
1333 4077 1529 4135 Paulo
1577 4094 1811 4155 magno
1878 4076 2150 4135 cambita
2195 4076 2258 4135 in
2307 4077 2641 4136 confluenti
2699 4078 3042 4137 eorundem
3106 4076 3276 4136 fluvii
3324 4083 3386 4135 et

831 4185 1141 4258 torrentiS‚
1191 4201 1265 4243 ex
1314 4202 1579 4261 quorum
1646 4184 1983 4243 confluenti
2026 4184 2166 4243 loco
2213 4184 2446 4245 directe
2495 4185 2574 4243 ad
2639 4183 3207 4263 septemtrionalem
3255 4184 3384 4262 pla-

835 4310 985 4373 gam
1034 4292 1339 4365 exeund0,
1386 4310 1609 4370 parum
1656 4270 2041 4351 transeundo
2073 4291 2360 4369 pervenit
2406 4291 2488 4350 ad
2517 4292 2834 4369 quandam
2869 4292 3036 4351 viam
3070 4308 3387 4370 magnam,

830 4419 943 4477 per
989 4418 1177 4477 quam
1227 4399 1307 4458 ad
1352 4398 1555 4475 ipsam
1602 4400 1857 4478 plagam
1916 4398 2488 4476 septemtrionalem
2536 4398 2600 4457 in
2645 4400 2838 4478 longo
2883 4397 3099 4475 spacio
3148 4405 3384 4457 transe-

830 4508 998 4566 undo
1044 4506 1231 4565 intrat
1278 4506 1338 4565 in
1386 4506 1643 4567 fluvium
1690 4506 2188 4566 Dobowamlaka
2235 4504 2482 4579 dictam,
2531 4506 2634 4565 ubi
2681 4506 2883 4583 ipsam
2933 4505 3098 4573 viam
3145 4512 3208 4564 et
3253 4522 3382 4563 me·

831 4624 959 4673 tam
1018 4632 1267 4692 quoque
1315 4612 1536 4691 prefati
1601 4613 1779 4672 Pauli
1824 4613 2041 4693 magni
2090 4632 2128 4671 a
2175 4612 2438 4671 sinistris
2500 4612 2908 4691 relinquendo
2955 4629 3067 4691 per
3115 4612 3386 4671 eundem

832 4721 1089 4781 fluvium
1138 4722 1355 4780 Mlaka
1402 4721 1484 4779 ad
1531 4719 1833 4779 orientem
1897 4721 1959 4778 in
2025 4719 2271 4780 modico
2319 4720 2534 4797 spacio
2600 4720 3043 4793 discendendO,
3089 4718 3262 4778 venit
3307 4718 3389 4777 ad

834 4829 1151 4907 quandam
1198 4836 1430 4887 metam
1476 4828 2097 4904 Pwrdlewzkameya
2147 4836 2454 4915 vocatam,
2504 4846 2626 4906 que
2674 4825 2892 4887 dividit
2939 4836 3141 4886 metas
3187 4827 3386 4904 Supe-

832 4936 1008 4995 rioris
1056 4936 1471 5014 Lompnycza,
1518 4934 1831 5014 porcionis
1878 4934 2112 4995 scilicet
2158 4935 2380 5013 prefati
2407 4935 2708 5014 Stephani
2754 4936 2930 4995 Pedk
2964 4954 3106 4993 cum
3153 4952 3375 5012 preno-
