3917 5592
526 678 1034 729 Therchleuich
1076 678 1138 726 de
1179 676 1266 727 inf.
1308 678 1599 736 Lomnicza,
1640 676 1751 725 Ste-

597 752 798 817 phanus
837 749 906 801 fil.
949 750 1198 814 Mathyae.
1237 748 1357 801 215.

526 822 824 882 Thernoch,
865 836 1004 885 poss.
1045 822 1129 873 52.

527 894 990 943 Thewtonicorum
1021 894 1075 945 B.
1105 892 1293 942 Mariae
1339 892 1568 957 magistri
1608 904 1749 939 com-

596 967 924 1015 mendatores
962 976 1012 1014 et
1052 974 1431 1029 praeceptore&
1469 962 1592 1023 444.

525 1037 756 1097 Thiwer,
796 1051 935 1102 poss.
973 1034 1094 1089 439.
1135 1036 1255 1087 454.

525 1108 712 1161 Thole.
753 1108 805 1159 1.

526 1180 777 1232 Thomas,
816 1178 904 1233 52.
943 1178 1031 1231 97.
1070 1178 1153 1231 98.

527 1251 762 1303 Thomas
802 1252 1012 1300 Bilotus.
1056 1250 1105 1303 5.

528 1322 762 1373 Thomas
801 1322 872 1374 fil.
914 1323 1136 1375 Andrae.
1170 1319 1256 1374 39.
1301 1320 1417 1373 133.
1460 1320 1580 1373 162.

527 1394 760 1444 Thomas
819 1392 886 1445 fil.
948 1392 1192 1443 Anthonii
1253 1392 1320 1444 fii.
1380 1392 1748 1457 Margarethae.

527 1538 761 1587 Thomas
801 1536 872 1588 fil.
913 1535 1084 1589 Blasii.
1126 1534 1247 1587 162.
1290 1534 1406 1587 189.
1449 1534 1568 1587 190.

527 1609 762 1659 Thomas
801 1608 954 1658 Blasii
994 1609 1058 1657 de
1097 1606 1453 1671 Rodmanchy.
1484 1606 1604 1659 394.

526 1681 761 1731 Thomas
799 1679 868 1733 ffl.
909 1679 1157 1743 Chepani.
1195 1676 1280 1730 49.

526 1752 762 1802 Thomas
800 1751 869 1803 fil.
908 1751 1130 1803 Chernk.
1172 1748 1258 1802 73.
1296 1750 1382 1801 91.

526 1824 760 1874 Thomas
801 1821 872 1875 fil.
910 1822 1194 1871 Clementis
1233 1820 1301 1873 fil.
1343 1822 1478 1870 Mar:
1484 1821 1497 1869 i
1537 1822 1738 1887 supani,

599 1894 846 1947 fi¹.1wan
875 1893 942 1945 fil.
974 1895 1134 1943 Laczk
1164 1894 1227 1941 de
1255 1893 1434 1944 Mlaka.
1473 1892 1594 1945 352.
1626 1890 1748 1946 353.

594 1964 715 2019 354.
754 1964 875 2019 355
917 1962 1036 2018 356.
1079 1963 1199 2018 357.
1239 1962 1360 2017 376.
1399 1963 1520 2016 377.

529 2038 764 2087 Thomas
803 2036 871 2090 fil.
912 2037 1194 2087 Clementis
1243 2037 1306 2085 de
1347 2036 1749 2101 Koztanyeuecz.

527 2180 574 2231 T
581 2182 763 2231 homas
805 2179 870 2232 fil.

528 2253 763 2303 Thomas
802 2252 871 2305 fil.

525 2325 760 2375 Thomas
799 2323 852 2373 fil

1201 1177 1321 1230 267.

911 2180 1211 2240 Clementis,
1240 2178 1445 2246 iobagio
1483 2179 1602 2233 316.
1627 2179 1749 2233 317.

910 2252 1216 2303 Cordozlau.
1254 2250 1339 2303 60.

911 2324 1066 2387 Elyae
1106 2324 1169 2372 de
1207 2323 1454 2387 Gorycza.
1495 2322 1616 2373 278.

525 2396 759 2447 Thomas
798 2395 868 2448 fil.
911 2396 1065 2460 Elyae
1104 2396 1167 2443 de
1207 2395 1376 2445 Plezo.
1415 2394 1535 2445 268.

524 2468 760 2517 Thomas
785 2467 873 2519 «fil.
917 2465 1141 2515 Emerici
1181 2467 1242 2515 de
1283 2467 1501 2530 Lazyne.
1541 2464 1662 2518 403.

523 2539 759 2589 Thomas
798 2538 869 2591 sil.
911 2537 1132 2587 Emerici
1160 2538 1224 2586 de
1260 2537 1588 2602 Korylowch.
1631 2537 1750 2589 147.

524 2610 762 2661 Thomas
804 2609 874 2661 fil.
916 2608 1138 2660 Fabiani.
1181 2608 1299 2662 162.

525 2682 760 2732 Thomas
802 2681 876 2733 fil.
917 2680 1124 2730 Fabiani
1167 2679 1237 2732 fil.
1279 2680 1454 2729 Guren
1497 2681 1560 2729 de
1601 2680 1750 2730 infer.

599 2753 930 2819 Lompnicza.
969 2750 1091 2804 288.

523 2826 756 2876 Thomas
810 2823 881 2875 fil.
939 2822 1152 2889 ceorgii
1191 2824 1392 2888 supani.
1447 2822 1571 2875 341.
1629 2822 1750 2876 342.

523 2898 758 2948 Thomas
798 2895 870 2949 fil.
910 2896 1120 2961 Georgii
1161 2895 1343 2959 supani
1383 2896 1565 2959 Campi
1601 2896 1747 2960 Zagr.

524 3041 760 3091 Thomas
799 3039 870 3092 fil.
911 3038 1122 3105 Georgii
1164 3040 1228 3087 de
1268 3037 1601 3103 Kotylowch.
1629 3038 1750 3091 264.

596 3110 718 3165 265.

524 3184 760 3233 Thomas
798 3182 872 3232 fil.
900 3182 1112 3248 Georgii
1137 3181 1320 3247 supani
1354 3182 1416 3231 de
1448 3181 1752 3233 Korilowcz.

599 3253 720 3307 328.
759 3251 880 3307 330.

529 3326 764 3376 Thomas
803 3324 874 3378 fn.
914 3324 1124 3390 Georgii
1183 3324 1254 3379 fil.
1295 3323 1460 3390 Egidii
1502 3325 1564 3373 de
1604 3323 1754 3373 Kori—

499 3430 506 3437 ·
599 3400 776 3447 lowcz.
819 3395 939 3449 283.

528 3468 763 3519 Thomas
803 3467 872 3520 fil.
913 3467 1122 3531 Georgii
1153 3466 1224 3519 fil.
1265 3468 1400 3517 lwan
1442 3466 1511 3519 fil.
1554 3467 1750 3532 lwsych

557 3544 564 3551 ’
601 3540 664 3590 de
706 3540 1009 3591 Korzlowcz.
1051 3537 1172 3591 275.
1212 3537 1333 3590 277.
1373 3536 1494 3592 343.

528 3613 762 3663 Thomas
802 3610 874 3663 fii.
915 3610 1125 3675 Georgii
1184 3610 1254 3663 fil.
1297 3610 1498 3659 Martini
1556 3611 1619 3659 de
1661 3609 1752 3662 lnf.

599 3683 929 3748 Lompnicza.
969 3681 1089 3734 288.

527 3756 762 3805 Thomas
799 3754 871 3807 fil.
910 3754 1122 3819 Georgii
1149 3753 1222 3805 fil.
1260 3753 1566 3817 Stanyioycz
1616 3753 1754 3813 (Zta-

597 3826 876 3890 nilowych)
903 3826 966 3874 de
1006 3824 1095 3877 Inf.
1139 3824 1430 3876 Lukauech.
1471 3821 1592 3875 358.
1630 3822 1750 3875 407.

524 3899 760 3948 Thomas
788 3896 859 3949 ful.
891 3898 1124 3962 Hernycz
1151 3896 1233 3957 (de
1263 3894 1353 3947 Ins.
1387 3896 1752 3960 Lompnycza).

525 3970 760 4108 Th402n2ias
799 4058 868 4111 fil.
909 4056 1166 4108 Iohannis.
1207 4054 1325 4107 162.
1367 4054 1487 4109 189.
1529 4056 1650 4109 190.

528 4130 764 4192 Thomas
803 4128 878 4183 fil.
921 4127 1166 4177 Iohannis
1203 4128 1267 4177 de
1307 4127 1400 4180 inf.
1459 4128 1752 4180 Lomnicza.

525 4200 762 4322 Th201n5ias
799 4271 872 4325 fil.
915 4272 1158 4321 Iohannis
1197 4272 1260 4319 de
1302 4271 1470 4320 PlezO.
1511 4270 1631 4323 204.

526 4343 762 4393 Thomas
800 4342 872 4397 fil.
914 4342 1156 4393 Iohannis
1207 4341 1298 4391 filii
1343 4342 1588 4394 Lectoris.
1630 4341 1750 4394 178.

525 4415 760 4464 Thomas
816 4414 889 4467 fil.
950 4414 1194 4463 Iohannis
1252 4412 1343 4462 filii
1401 4413 1632 4463 Lector-is
1688 4415 1750 4462 de

598 4486 687 4539 lnf.
728 4486 1060 4551 Lompnicza.
1098 4484 1219 4537 200.
1260 4483 1381 4537 201.

525 4557 760 4607 Thomas
815 4557 882 4607 fil.
945 4556 1186 4606 Iohannis
1251 4555 1322 4607 fil.
1394 4555 1627 4604 Lectoris
1687 4557 1749 4604 de

595 4629 721 4691 Sup.
759 4628 1072 4693 Lompnicza
1128 4624 1248 4679 256.

526 4700 762 4750 Thomas
801 4698 872 4753 fil.
915 4700 1066 4753 iwan.
1109 4697 1228 4751 159.
1269 4697 1391 4750 234.
1431 4697 1552 4750 264.

524 4771 762 4822 Thomas
801 4770 873 4823 fil.
915 4770 1049 4819 lwan
1078 4770 1141 4819 de
1174 4770 1416 4836 Gorycha
1442 4770 1494 4821 S.
1524 4770 1588 4822 M.
1631 4766 1749 4820 179.

595 4840 714 4894 194.
750 4840 872 4896 226.
912 4839 1034 4893 232.

522 4914 757 4963 Thomas
795 4912 869 4965 fil.
911 4912 1133 4962 lwkonis
1172 4913 1236 4961 de
1276 4912 1458 4961 Peech.
1501 4910 1619 4964 168.

520 4982 755 5034 Thomas
795 4982 869 5035 fil.
911 4981 1114 5033 Kunich
1154 4984 1216 5033 de
1259 4982 1508 5048 larebycz.
1553 4980 1676 5034 412.

2966 442 3085 503 521

1868 674 2115 723 Thomas
2172 672 2243 725 fil.
2304 674 2515 723 Kwssae
2572 672 2605 722 Γ
2612 673 2708 723 hae
2774 673 2985 739 Georgii
3026 673 3097 725 fil.

1939 746 2064 795 Petk
2102 746 2165 793 de
2206 745 2488 797 Hraschan.
2529 744 2649 796 412.

1865 818 2101 867 Thomas
2141 816 2212 870 fil
2255 817 2473 866 Ladislai
2527 819 2591 865 de
2632 817 2911 866 Debrancz.
2969 816 3091 869 456.

1865 890 2101 938 Thomas
2142 888 2215 939 fil.
2269 888 2489 938 Ladislai
2547 887 2620 942 fn.
2684 889 2970 938 Clementis
3034 890 3096 937 de

1936 960 2264 1025 Dobranych.
2302 958 2423 1013 349.

1865 1032 2099 1081 Thomas
2138 1046 2385 1097 supanus,
2426 1031 2496 1083 fil.
2539 1033 2692 1082 Marci
2733 1033 2933 1099 supani.
2972 1031 3079 1084 352

1933 1102 2042 1155 353
2099 1101 2221 1156 354.
2260 1102 2381 1155 377.

1864 1175 2100 1225 Thomas
2141 1174 2210 1228 fil.
2257 1175 2413 1225 Marci
2454 1177 2515 1225 de
2556 1176 2856 1242 Gyletyncz.
2898 1173 3017 1229 313.

1865 1247 2099 1296 Thomas
2139 1246 2209 1299 ful.
2252 1246 2407 1295 Marci
2446 1247 2629 1313 supani
2671 1249 2735 1297 de
2762 1249 2941 1300 Mlaka.
2966 1246 3090 1299 271.

1863 1390 2101 1439 Thomas
2140 1390 2212 1441 fil.
2254 1390 2407 1439 Marci
2447 1390 2508 1438 de
2551 1390 2731 1442 Mlaka.
2790 1389 2911 1443 237.
2967 1389 3089 1441 270.

1934 1460 2037 1512 271
2098 1460 2218 1514 272.

1864 1532 2100 1583 Thomas
2140 1532 2211 1585 ful.
2252 1532 2406 1585 Marci
2447 1532 2517 1584 fil.
2560 1534 2695 1583 iwan
2743 1532 2813 1585 fil.
2857 1534 2991 1583 Lack
3029 1534 3093 1581 de

1937 1605 2121 1657 Mlaka.
2161 1604 2283 1656 261.
2329 1603 2451 1656 277.

1864 1676 2101 1725 Thomas
2140 1676 2212 1726 fil.
2273 1676 2427 1725 Marci
2478 1676 2549 1729 fil.
2594 1675 2696 1727 Viti
2754 1677 2819 1725 de
2858 1675 2947 1728 Inf.
2990 1676 3091 1725 Lu·

1936 1748 2163 1799 kawech.
2203 1746 2326 1799 407.

1863 1818 2099 1868 Thomas
2141 1819 2210 1871 fil.
2250 1819 2617 1885 Margarethae.
2656 1816 2778 1871 368.
2824 1818 2948 1872 371.

1864 1890 2099 1940 Thomas
2163 1890 2233 1944 ful.
2300 1891 2649 1955 Margarethae
2716 1890 2789 1945 fil.
2856 1893 3089 1942 Andreae

1939 1963 2057 2014 leik.
2097 1960 2216 2015 299.

1865 2033 2101 2083 Thomas
2140 2034 2213 2086 fil.
2254 2033 2471 2086 Martini.
2514 2034 2601 2087 39.

1864 2105 2099 2155 Thomas
2139 2104 2210 2158 fil.
2252 2104 2470 2163 Martini,
2511 2120 2689 2155 comes
2747 2115 2870 2158 terr.
2909 2106 3091 2171 Campi

1939 2176 2085 2243 Zagr.
2128 2177 2247 2230 177.

1867 2248 2102 2298 Thomas
2140 2250 2216 2302 fil.
2257 2250 2457 2299 Martini
2499 2251 2562 2299 de
2604 2248 2861 2301 Vrbanch.
2902 2248 3020 2300 174.

1863 2320 2101 2371 Thomas
2141 2320 2212 2369 fil.
2256 2322 2397 2371 Pauli
2426 2323 2490 2371 de
2518 2321 2607 2373 Inf.
2648 2320 2941 2371 Lomnicza.
2966 2320 3087 2372 215.

1864 2391 2100 2441 Thomas
2140 2392 2213 2445 fil.
2256 2392 2397 2441 Pauli
2421 2392 2492 2445 fil.
2520 2392 2759 2458 Gregorii
2801 2391 2855 2441 fil
2918 2393 3091 2457 Woyn

1935 2464 1998 2513 de
2066 2465 2409 2527 Woynosecz,
2474 2479 2654 2513 comes
2716 2474 2834 2515 terr.
2910 2464 3092 2527 Campi

1933 2535 2083 2659 {aaa
2139 2534 2260 2588 325.
2299 2533 2421 2588 327.
2478 2534 2599 2588 330.
2638 2533 2759 2587 335.
2809 2534 2931 2587 336.
2969 2534 3091 2585 338.

1864 2678 2101 2728 Thomas
2141 2679 2214 2733 ῐιΙ.
2258 2680 2398 2728 Pauii
2441 2678 2533 2727 filii
2592 2678 2823 2728 Lecton-is
2882 2680 2944 2727 de
2997 2678 3086 2730 Inf.

1935 2750 2268 2815 Lompnicza.
2308 2750 2427 2803 200.
2468 2750 2588 2803 201.

1864 2821 2101 2871 Thomas
2140 2821 2211 2873 fii.
2254 2822 2395 2872 Pauli
2438 2822 2509 2875 fil.
2550 2822 2783 2871 Lectoris
2840 2822 2903 2870 de
2959 2822 3085 2883 Sup.

1941 2893 2273 2959 Lompnicza.
2312 2892 2432 2946 256.

1865 2965 2101 3015 Thomas
2140 2964 2214 3015 fii.
2258 2966 2399 3014 Pauli
2438 2964 2510 3017 fil.
2555 2966 2727 3030 Woyn
2762 2966 2825 3013 de
2852 2966 3090 3029 Woyno—

1935 3050 2067 3097 seez,
2107 3051 2285 3086 comes
2322 3046 2444 3090 terr.
2484 3036 2666 3099 Campi
2706 3036 2917 3097 Zagrab.
2968 3033 3090 3086 315.

1937 3106 2057 3160 316.
2097 3106 2218 3160 318.
2257 3106 2377 3160 320.
2418 3106 2535 3161 322.
2578 3105 2697 3160 325.
2738 3105 2845 3159 326

1866 3179 2101 3229 Thomas
2142 3179 2211 3231 ful.
2256 3180 2389 3229 Petri
2429 3180 2491 3228 de
2521 3178 2612 3233 lnf.
2640 3178 2940 3229 Lomnicza.
2968 3176 3089 3228 215.

1866 3251 2102 3301 Thomas
2142 3250 2213 3302 fil.
2255 3250 2407 3311 Petri,
2448 3250 2647 3315 magist.
2676 3250 2969 3301 ianitorum.
3006 3248 3090 3299 71.

1865 3322 2102 3371 Thomas
2141 3321 2211 3373 fil.
2255 3323 2451 3371 Petrws
2489 3323 2551 3370 de
2590 3322 2807 3375 Camoo.
2846 3318 2931 3391 63.

1867 3392 2103 3442 Thomas
2142 3392 2215 3442 fil.
2258 3393 2498 3458 Philippi.
2541 3392 2661 3445 162.

1866 3465 2101 3514 Thomas
2140 3464 2212 3516 fn.
2255 3463 2475 3529 Philippi
2536 3464 2604 3513 fil.
2660 3466 2781 3514 wlk
2821 3465 2883 3513 de
2926 3465 3081 3513 Raka-

1939 3552 2045 3601 rya.
2084 3534 2204 3587 204.

1867 3608 2101 3657 Thomas
2140 3606 2213 3657 ful.
2252 3606 2498 3671 Stephani
2538 3605 2610 3660 fin.
2652 3608 2843 3657 Vrbani
2884 3608 2947 3656 de
2990 3607 3093 3656 Ko-

1940 3679 2163 3727 rilowcz.
2202 3676 2325 3731 336.
2365 3676 2484 3731 337.
2524 3676 2644 3730 344.

1867 3750 2101 3800 Thomas
2140 3748 2211 3801 fil.
2250 3750 2495 3814 Stephani
2554 3748 2647 3798 filii
2703 3750 2971 3815 Vrbanycz
3026 3751 3089 3799 de

1939 3820 2278 3873 Korilowecz.
2318 3820 2438 3873 326.

1866 3892 2101 3942 Thomas
2141 3892 2279 3941 filius
2322 3892 2578 3942 Valentini
2618 3890 2709 3941 filii
2753 3892 2957 3942 Fabiani
3000 3890 3091 3941 filii

1939 3965 2063 4014 wlk
2103 3965 2165 4013 de
2206 3964 2453 4028 Rakarya.
2493 3961 2614 4015 345.

1867 4036 2100 4085 Thomas
2164 4034 2237 4087 fil.
2304 4034 2562 4085 Valentini
2624 4034 2696 4087 fil.
2763 4035 2954 4084 Nicolai
3027 4036 3091 4083 de

1937 4108 2139 4156 stan.
2178 4105 2299 4158 429.
2338 4104 2460 4158 430.

1865 4178 1912 4228 T
1917 4179 2102 4228 homas
2142 4176 2211 4230 fil.
2256 4178 2537 4243 Woychae.
2578 4176 2663 4229 52.

1864 4250 2100 4299 Thomas
2158 4248 2229 4301 fil.
2282 4250 2441 4298 Ztane
2498 4253 2561 4297 de
2620 4248 2712 4301 Inf.
2779 4248 3091 4301 Lukawech.

1865 4320 2099 4442 Th÷>0r181a8
2165 4390 2237 4443 fil.
2292 4391 2597 4440 Ztanethich
2657 4391 2722 4440 de
2778 4391 3091 4442 Lokawech.

1935 4463 2057 4517 196.

1864 4553 2099 4602 Thomas
2139 4553 2202 4600 de
2242 4551 2524 4602 Debrancz.
2564 4549 2685 4603 456.

1864 4624 2099 4673 Thomas
2138 4623 2214 4674 lit.
2253 4624 2316 4672 de
2356 4622 2435 4671 Do
2452 4622 2745 4688 nagowich.
2786 4621 2909 4674 209.

1866 4695 2101 4744 Thomas
2141 4695 2205 4742 de
2249 4694 2517 4742 Drenowa.
2560 4690 2681 4746 381.

1865 4765 2107 4815 Thomas
2147 4765 2211 4813 de
2249 4765 2595 4829 Guztynycza.
2646 4762 2767 4816 318.
2808 4762 2928 4816 320.
2968 4763 3089 4815 340,

1934 4835 2057 4889 346.
2096 4834 2217 4888 350.
2274 4834 2397 4887 368.
2436 4834 2557 4887 371.
2614 4833 2733 4888 372.
2788 4834 2909 4887 379.
2966 4834 3090 4886 386.

1865 4979 2099 5029 Thomas
2138 4978 2201 5027 de
2248 4978 2527 5029 Hraschan.

2568 4976 2687 5030 429.
