3917 5592
883 459 967 522 22

878 681 1101 738 Petrvs
1150 675 1258 740 filii
1303 681 1498 741 Endri
1551 691 1927 742 euocassent
1976 681 2035 742 in
2086 691 2367 742 nostram
2412 677 2803 760 presenciam
2854 675 3231 746 Minizlaum,
3280 673 3447 732 Mar-

876 787 1072 846 tinum
1149 797 1531 862 ventrosum,
1579 790 1872 865 VVyduch
1937 791 2133 849 filium
2183 789 2479 862 eiusdem,
2546 789 2851 846 Dazlaum
2916 795 2977 844 et
3024 783 3449 858 Obulganum,

876 894 1248 975 iobagiones
1314 897 1502 956 castri
1573 897 2020 976 Zagrabiensis
2068 899 2131 956 in
2177 897 2378 956 forma
2449 895 2656 956 iudicii
2730 892 3163 971 proponebant
3232 897 3449 947 contra

877 1021 1006 1076 θος,
1078 1004 1246 1080 quod
1297 1023 1439 1062 cum
1489 1023 1700 1064 comes
1771 1004 1965 1065 Endri
2012 1015 2193 1082 pater
2238 1005 2513 1082 ipsorum
2584 1003 2794 1062 diuino
2844 999 3068 1060 iudicio
3117 998 3195 1056 de
3244 994 3451 1054 medio

873 1110 987 1170 fuit
1035 1111 1335 1186 sublatuS,
1399 1112 1518 1190 ipsi
1565 1114 1842 1172 nondum
1904 1112 2224 1172 habebant
2271 1131 2469 1171 annos
2518 1109 2937 1182 discrecionis,
2985 1125 3110 1186 quo
3165 1114 3449 1181 tempore

875 1219 1138 1294 predicti
1185 1219 1557 1296 iobagiones
1592 1220 1780 1279 castri
1828 1221 2148 1298 quandam
2178 1229 2410 1280 terram
2458 1238 2675 1278 eorum
2706 1214 3151 1277 hereditariam
3198 1211 3451 1270 nomine

873 1325 1178 1386 Conchan
1229 1327 1291 1385 in
1339 1346 1520 1386 suum
1569 1347 1750 1386 vsum
1801 1328 2175 1386 atraxissent
2220 1337 2283 1386 et
2330 1345 2526 1404 usque
2576 1326 2761 1384 modo
2810 1324 2945 1384 sine
2992 1321 3245 1381 racione
3294 1317 3448 1377 deti·

872 1434 1158 1492 nuissent
1206 1434 1512 1493 violenter
1561 1443 1623 1494 et
1670 1434 2035 1508 detinerent,
2085 1444 2301 1495 contra
2348 1453 2505 1512 quos
2554 1452 2629 1492 ex
2678 1432 2949 1491 aduerso
2996 1426 3223 1508 prefati
3270 1425 3449 1485 iob'a·

880 1541 1102 1618 giones
1153 1542 1340 1601 castri
1389 1543 1871 1621 respondebant,
1917 1545 2089 1620 quod
2138 1543 2301 1602 dicta
2350 1551 2515 1601 terra
2564 1560 2781 1600 eorum
2842 1538 3025 1598 fuerit
3070 1533 3450 1596 hereditaria

881 1647 960 1706 ab
1034 1647 1289 1726 antiquo
1353 1657 1416 1707 et
1475 1659 1642 1708 esset
1689 1648 1751 1708 in
1798 1649 2090 1726 presenti,
2162 1668 2350 1726 super
2396 1667 2520 1727 quo
2591 1664 2974 1725 quamquam
3022 1643 3186 1702 dicte
3233 1648 3449 1719 partes

871 1763 1007 1813 tum
1068 1755 1552 1832 produccionem
1628 1756 1881 1816 testium
1934 1758 2323 1832 ydoneorum
2391 1767 2521 1814 tum
2571 1755 2771 1814 eciam
2836 1771 3101 1812 examen
3175 1747 3363 1807 duelli
3411 1765 3449 1805 a

869 1863 1051 1922 nobis
1128 1863 1288 1923 inter
1333 1883 1402 1924 se
1449 1863 1585 1923 fieri
1655 1863 2041 1942 petiuissent,
2113 1864 2364 1923 demum
2410 1872 2621 1922 tamen
2667 1881 2783 1939 per
2830 1867 3111 1919 nostram
3160 1863 3223 1915 et
3270 1854 3449 1933 regni

871 1971 1173 2029 nobilium
1245 1971 1631 2030 sentenciam
1679 1979 1977 2049 utrasque
2049 1979 2261 2048 partes
2310 1971 2387 2030 de
2438 1970 2850 2029 altercacione
2922 1962 3287 2025 reuocando
3334 1979 3451 2039 pro

870 2079 1040 2138 bono
1087 2077 1374 2156 pacis-et
1407 2079 1735 2136 commodo
1783 2077 2116 2164 vicinitatis
2166 2077 2416 2136 arbitrio
2466 2077 2707 2136 comitis
2754 2072 3134 2150 HrynkoniS,
3183 2067 3453 2128 Porseni

868 2185 977 2245 filii
1025 2187 1201 2259 Rata,
1249 2186 1493 2245 Nicolai
1523 2185 1631 2245 filii
1662 2187 1880 2264 Dapsa
1912 2194 1975 2245 et
2005 2186 2335 2244 Mortunus
2381 2184 2588 2244 fratris
2621 2183 2790 2242 Atha
2822 2181 3114 2240 duximus
3163 2177 3450 2237 commit-

871 2292 1119 2367 tendaS,
1168 2291 1274 2369 qui
1321 2292 1385 2350 in
1433 2292 1532 2350 die
1583 2291 1816 2350 arbitrii
1863 2291 2080 2368 preuia
2140 2292 2389 2350 racione
2439 2291 2598 2349 sicut
2642 2290 2823 2349 nobis
2887 2287 3039 2346 viua
3084 2304 3245 2344 voce
3295 2283 3453 2348 reci.

870 2407 1082 2458 tarunt
1129 2398 1290 2456 inter
1321 2407 1532 2474 partes
1580 2400 1768 2457 talem
1800 2398 2083 2457 fecerunt
2130 2399 2672 2475 composicionem,
2721 2387 2890 2474 quod
2923 2392 3228 2472 sepedicti
3275 2392 3451 2450 ioba-

871 2506 1095 2582 giones
1147 2503 1353 2578 castri,
1401 2505 1744 2582 predictam
1792 2515 2025 2564 terram
2074 2503 2394 2578 Conchan,
2443 2524 2554 2581 pro
2604 2523 2728 2584 qua
2752 2503 2828 2563 lis
2874 2501 3244 2562 vertebatur
3288 2498 3453 2557 inter

873 2631 984 2672 eos
1040 2611 1440 2689 reliquerunt,
1513 2613 1914 2671 reddiderunt
1961 2622 2023 2671 et
2069 2621 2283 2671 nostro
2330 2612 2579 2672 homine
2646 2612 2964 2671 mediante
3037 2605 3451 2666 restituerunt

872 2717 1322 2795 prenominatis
1393 2718 1534 2777 filiis
1603 2719 1796 2777 Endri
1867 2719 2109 2778 comitis
2158 2726 2220 2778 et
2266 2739 2481 2779 eorum
2554 2718 2891 2778 heredibus
2958 2715 3128 2774 nulla
3200 2712 3321 2772 sibi
3389 2713 3455 2772 in

874 2825 1097 2884 eadem
1145 2824 1443 2902 porcione
1476 2835 1800 2884 reseruata
1845 2826 2108 2902 pacifice
2143 2834 2206 2884 et
2237 2825 2443 2904 quiete
2490 2826 2934 2904 perpetualiter
2978 2825 3454 2904 possidendam,

872 2932 980 3010 qui
1027 2931 1135 2990 filii
1181 2931 1374 2990 Endri
1422 2931 1602 2990 dictis
1649 2932 2089 3010 iobagionibus
2138 2933 2324 2991 castri
2370 2953 2483 3010 pro
2532 2933 2913 3006 vtilitatibus,
2964 2953 3125 3012 quas
3174 2933 3238 2991 in
3288 2931 3454 2991 facie

870 3037 1066 3115 ipsius
1114 3046 1277 3097 terre
1326 3039 1621 3111 fecerant,
1700 3037 1920 3117 viginti
1992 3047 2229 3116 septem
2277 3059 2525 3098 marcas
2572 3040 2634 3098 in
2682 3041 2957 3100 denariis
3005 3042 3455 3118 persoluerunt

875 3163 1090 3203 coram
1161 3143 1357 3203 nobis.
1429 3143 1644 3202 Astitit
1690 3145 1888 3203 eciam
1936 3145 2208 3204 Endrich
2279 3156 2425 3204 tunc
2495 3147 2793 3224 temporis
2850 3166 3065 3205 comes
3132 3145 3454 3206 terrestris

871 3259 1347 3310 commetaneus
1396 3251 1676 3310 eiusdem
1726 3261 1906 3324 terre,
1955 3252 2060 3329 qui
2108 3252 2337 3312 dictam
2387 3254 2916 3331 composicionem
2964 3255 3251 3333 parcium
3302 3272 3453 3313 con-

869 3377 1060 3417 sensu
1109 3377 1224 3416 suo
1273 3358 1590 3418 ratificans
1639 3359 2027 3436 approbauit,
2076 3359 2430 3436 recipiendo
2478 3361 2540 3418 in
2586 3361 2825 3421 vicinos
2875 3371 2938 3421 et
2970 3371 3453 3421 commetaneos

869 3464 931 3522 in
979 3464 1290 3542 prefatam
1337 3473 1570 3524 terram
1641 3465 1757 3523 sibi
1807 3473 1867 3523 et
1915 3464 2045 3523 suis
2090 3464 2250 3524 filios
2296 3466 2488 3525 Endri
2536 3477 2935 3527 memoratos.
3031 3468 3234 3527 Cuius
3282 3477 3452 3528 terre

867 3570 1071 3648 prima
1117 3581 1287 3630 meta
1332 3572 1549 3649 incipit
1597 3571 1674 3630 ab
1724 3571 2049 3630 occidente
2084 3590 2121 3630 a
2149 3572 2339 3630 fluuio
2388 3573 2563 3633 Odra
2610 3575 2671 3632 in
2720 3585 2891 3634 meta
2937 3584 3147 3636 terrea
3196 3583 3260 3635 et
3304 3595 3452 3653 pro-

872 3677 1037 3735 cedit
1083 3697 1306 3736 versus
1343 3678 1646 3736 orientem
1693 3677 2120 3754 perueniendo
2155 3680 2235 3737 ad
2267 3681 2580 3756 quoddam
2628 3682 3107 3742 fundamentum
3146 3690 3453 3742 uocatum

868 3783 1250 3856 Circuische,
1299 3783 1444 3842 inde
1493 3785 1700 3842 eundo
1771 3783 2068 3843 uenit‘ad
2116 3785 2407 3861 paludem
2461 3788 2777 3864 quandam
2826 3788 3129 3848 Calischa
3198 3809 3446 3848 nuncu-

867 3900 1098 3968 patam,
1173 3889 1250 3948 ab
1300 3889 1446 3948 inde
1517 3889 1839 3967 pergendo
1887 3889 2057 3948 uenit
2106 3891 2185 3949 ad
2239 3891 2421 3964 viam,
2470 3912 2583 3970 per
2628 3914 2817 3972 quam
2883 3895 3007 3955 itur
3055 3904 3119 3955 et
3166 3896 3339 3955 cadit
3388 3897 3453 3956 in

869 3997 1174 4075 piscinam
1224 3997 1558 4072 quandam,
1607 3994 1778 4053 iuxta
1825 4013 2013 4072 quam
2062 4006 2157 4055 est
2182 4007 2349 4056 meta
2395 4008 2616 4073 terrea,
2650 4020 2687 4059 a
2718 4021 2845 4078 qua
2892 4003 3304 4080 procedendo
3338 4023 3457 4082 per

867 4112 1119 4181 pratum
1169 4101 1340 4160 venit
1388 4102 1467 4159 ad
1525 4101 1682 4159 duas
1731 4099 1989 4159 arbores
2036 4101 2323 4162 videlicet
2369 4105 2521 4164 tulfa
2569 4125 2602 4164 e
2650 4107 2996 4183 monorofa,
3048 4109 3166 4167 sub
3219 4109 3456 4188 quibus

868 4218 965 4269 est
1034 4216 1203 4267 meta
1249 4216 1473 4280 terrea,
1546 4206 1624 4266 ab
1672 4206 1818 4264 hinc
1887 4207 1967 4264 ad
2017 4206 2201 4266 aliam
2266 4209 2551 4270 arborem
2598 4212 2874 4288 harazfa,
2923 4214 3030 4273 ubi
3106 4224 3206 4275 est
3276 4227 3455 4276 meta

866 4325 1091 4389 terrea,
1162 4314 1390 4372 deinde
1436 4313 1750 4372 tendendo
1799 4313 2084 4390 peruenit
2130 4315 2210 4372 ad
2256 4317 2566 4392 paludem,
2613 4338 2736 4396 que
2786 4321 2997 4380 Mlaca
3047 4322 3291 4398 dicitur,
3342 4325 3454 4384 ubi

867 4422 982 4481 sub
1056 4420 1281 4479 arbore
1355 4418 1739 4498 gumulchyn
1788 4427 1882 4476 est
1927 4427 2097 4478 meta
2163 4428 2383 4495 terrea,
2457 4423 2679 4483 exinde
2730 4445 2841 4504 per
2906 4427 3115 4504 ipsam
3163 4429 3453 4489 Mlacam

865 4527 1123 4586 inferius
1193 4525 1455 4584 vertitur
1503 4525 1581 4582 ad
1631 4523 2135 4600 septemtrionem
2207 4535 2268 4583 et
2336 4529 2622 4604 peruenit
2670 4531 2749 4590 ad
2800 4532 3091 4592 arborem
3164 4535 3453 4610 harazsa,

867 4633 982 4692 sub
1033 4651 1159 4710 qua
1231 4639 1328 4690 est
1375 4638 1544 4689 meta
1589 4638 1813 4702 terrea,
1883 4629 2027 4689 inde
2074 4649 2185 4708 per
2233 4634 2495 4692 eandem
2570 4635 2842 4696 Mlacam
2892 4640 3103 4700 eundo
3162 4642 3335 4702 cadit
3382 4643 3447 4701 in

865 4739 1126 4798 fluuium
1198 4736 1468 4810 Oudina,
1537 4735 1642 4794 ubi
1713 4735 1826 4793 sub
1875 4735 2097 4796 arbore
2170 4737 2285 4814 piri
2358 4748 2452 4798 est
2497 4751 2665 4801 meta
2722 4753 2951 4820 terrea,
3021 4747 3287 4808 deinde.
3330 4768 3451 4827 per

867 4846 1185 4907 Oudinam
1256 4842 1512 4902 inferius
1582 4841 1786 4900 eundo
1859 4842 2024 4901 cadit
2068 4843 2127 4901 in
2175 4844 2431 4904 fluuium
2504 4847 2696 4923 Odra,
2745 4870 2859 4928 per
2907 4873 3097 4931 quem
3168 4855 3447 4915 fluuium

867 4953 1073 5015 eundo
1121 4949 1458 5009 reflectitur
1504 4947 1786 5024 superius
1835 4948 1914 5006 ad
1959 4948 2279 5008 meridiem
2314 4961 2375 5010 et
2406 4955 2689 5028 peruenit
2738 4959 2818 5016 ad
2866 4969 3105 5020 metam
3152 4962 3217 5020 in
3268 4963 3445 5039 prin-
