3917 5592
3004 427 3135 499 377

572 647 778 716 retulit
822 647 948 716 iam
981 649 1161 734 plene
1196 649 1343 717 dato
1374 656 1435 716 et
1466 648 1782 734 persoluto
1815 647 2215 729 vendidisset,
2266 670 2478 732 ymmo
2520 669 2595 714 ex
2627 672 2935 714 consensu
2970 655 3139 714 Petri

571 764 678 824 filii
728 765 994 824 condam
1041 765 1283 844 Thome
1331 764 1571 842 supani,
1602 763 1710 822 filii
1741 763 1962 840 prefati
1998 764 2263 822 condam
2296 763 2496 822 Marci
2528 762 2769 840 supani,
2800 762 2907 821 filii
2940 761 3133 840 ipsius

578 872 748 931 Iwan
797 871 905 930 filii
954 871 1100 931 dicti
1147 871 1356 931 Laczk
1405 872 1483 931 de
1529 867 1810 948 predicta
1837 871 2072 945 Mlaka,
2123 889 2197 931 ac
2231 889 2307 928 ex
2342 887 2652 929 consensu
2684 869 2891 949 Egidii
2936 869 3133 929 carni-

573 979 722 1053 ficis,
785 979 894 1038 filii
940 979 1208 1039 condam
1268 977 1538 1038 Emerici
1599 979 2002 1056 Bedowlych,
2064 977 2283 1058 generi
2346 996 2499 1037 vero
2546 977 2805 1056 predicti
2862 977 3128 1036 condam

568 1086 767 1146 Marci
816 1085 1057 1165 supani,
1103 1085 1213 1146 filii
1259 1086 1403 1146 dicti
1452 1087 1623 1146 Iwan
1669 1085 1777 1146 filii
1822 1085 2019 1164 ipsius
2079 1085 2289 1145 Laczk
2353 1086 2431 1144 de
2478 1084 2717 1164 prefata
2788 1084 3018 1159 Mlaka‚
3068 1094 3131 1144 et

570 1213 645 1253 ex
696 1213 1004 1253 consensu
1052 1194 1254 1254 Marci
1302 1194 1479 1254 aliter
1510 1195 1687 1254 Pauli
1735 1194 1957 1267 vocati,
2009 1193 2115 1254 filii
2164 1193 2401 1253 eisdem
2432 1193 2641 1274 Egidii
2673 1193 2999 1267 carnificis,
3052 1213 3129 1252 ex

574 1302 796 1360 eodem
845 1301 1079 1362 scilicet
1124 1301 1351 1382 Egidio
1399 1302 1707 1376 carnifice,
1773 1310 1836 1362 et
1883 1321 1958 1361 ex
2008 1301 2195 1362 nobili
2245 1301 2513 1361 condam
2578 1299 2833 1361 domina
2878 1302 3135 1380 Agatha

570 1409 747 1468 aliter
793 1409 988 1469 Klara
1036 1419 1277 1484 vocata,
1327 1429 1520 1470 uxore
1567 1411 1734 1487 olym
1783 1410 2090 1490 legittima
2136 1407 2331 1488 ipsius
2377 1407 2586 1489 Egidii
2634 1408 2959 1482 carnificis,
3006 1407 3134 1468 filia

569 1533 721 1577 vero
769 1516 990 1594 prefati
1038 1518 1306 1577 condam
1355 1517 1555 1576 Marci
1601 1516 1841 1596 supani,
1889 1515 2191 1598 legittime
2239 1515 2551 1596 progeniti
2599 1524 2662 1576 et
2692 1516 3019 1594 procreati,
3054 1533 3129 1575 ac

570 1642 643 1683 ex
694 1643 1004 1684 consensu
1054 1633 1116 1685 et
1162 1625 1570 1703 permissione
1619 1623 1885 1703 Philippi
1933 1632 1996 1684 et
2042 1621 2241 1683 Marci
2303 1623 2569 1683 filiorum
2629 1624 2897 1684 condam
2960 1623 3131 1682 lwan

565 1731 672 1791 filii
719 1733 886 1808 olym
951 1731 1204 1792 Andree
1265 1731 1373 1792 filii
1433 1731 1656 1810 prefati
1717 1731 1960 1791 Nicolai
2018 1731 2125 1791 filii
2191 1730 2337 1790 dicti
2407 1732 2615 1790 Laczk
2664 1732 2743 1790 de
2807 1731 3128 1808 sepedicta

563 1839 794 1912 Mlaka,
856 1857 1100 1898 necnon
1163 1859 1238 1900 ex
1303 1859 1613 1900 consensu
1661 1847 1723 1900 et
1771 1839 2149 1899 admissione
2212 1837 2489 1897 omnium
2551 1837 2812 1898 aliorum
2857 1836 3137 1910 fratrum,

563 1946 908 2006 vicinorum
958 1955 1021 2006 et
1052 1955 1624 2007 commetaneorum
1672 1965 1946 2021 suorum,
1993 1954 2122 2007 tam
2171 1943 2662 2024 propinquorum
2692 1964 2883 2024 quam
2930 1963 3131 2005 remo·-

563 2061 786 2129 torum,
811 2054 1093 2114 vendidit
1116 2074 1330 2115 coram
1361 2055 1541 2115 nobis
1574 2053 1708 2115 iure
1733 2062 2037 2134 perpetuo
2064 2061 2127 2113 et
2150 2053 2638 2113 irrevocabiliter
2668 2053 3129 2131 possidendam,

569 2163 901 2223 tenendam
951 2163 1184 2242 pariter
1215 2171 1278 2222 et
1305 2163 1664 2223 habendam
1695 2181 1770 2222 ac
1799 2163 1973 2223 iuxta
2002 2161 2182 2243 regni
2229 2161 2746 2222 consvetudinem
2785 2161 3125 2240 quomodo·-

568 2288 813 2348 cunque
859 2270 1126 2330 voluerit
1172 2271 1654 2349 disponendam3
1706 2269 2045 2347 assumpsit
2114 2269 2370 2347 insuper
2414 2269 2692 2347 prefatus
2742 2268 3020 2328 Thomas
3068 2268 3131 2327 in

567 2377 852 2455 personis
893 2397 1157 2455 quorum
1190 2396 1397 2455 supra,
1445 2377 1754 2455 prefatum
1781 2377 2188 2436 Benedictum
2214 2376 2531 2454 Krupych,
2563 2394 2639 2434 ac
2662 2394 2775 2454 per
2808 2395 2951 2435 eum
2985 2393 3133 2435 suos

563 2483 828 2544 heredes
896 2483 958 2544 in
1007 2483 1278 2544 dominio
1344 2485 1621 2562 predicte
1686 2481 1985 2545 sessionis
2054 2482 2275 2564 viginti
2346 2483 2611 2543 duarum
2679 2481 3133 2542 dimensionum

562 2592 930 2668 wdylnycze
976 2592 1296 2672 wlgariter
1339 2600 1720 2665 vocatarum,
1753 2611 1866 2669 per
1913 2591 2117 2670 ipsum
2150 2589 2559 2650 Benedictum
2591 2589 2890 2668 Krupyoh
2939 2591 3127 2649 modo

561 2699 866 2777 premisso
916 2709 1293 2778 comparate,
1326 2708 1543 2760 contra
1578 2698 1886 2778 quoslibet
1914 2698 2313 2777 inpeditoreS,
2346 2696 2811 2775 perturbatores
2846 2705 2909 2755 et
2938 2698 3130 2756 mole*-

561 2814 828 2868 statores
891 2808 1150 2886 pacifice
1216 2806 1393 2880 tueri,
1458 2815 1690 2882 tenere,
1758 2816 2091 2885 protegere
2160 2815 2222 2864 et
2268 2805 2607 2866 defendere
2670 2805 2799 2865 suis
2861 2805 3128 2884 propriis

567 2913 932 2994 sumptibuS,
980 2915 1297 2975 laboribus
1346 2923 1409 2974 et
1453 2914 1763 2994 expensis,
1814 2915 1881 2974 In
1929 2912 2105 2972 cuius
2154 2912 2243 2972 rei
2290 2913 2657 2972 memoriam
2706 2921 2891 2991 atque
2952 2912 3120 2974 testi-

563 3023 842 3083 monium
889 3023 1369 3102 firmitatemque
1402 3031 1786 3101 perpetuam,
1820 3029 2145 3101 presentes
2178 3021 2388 3081 literas
2419 3029 2667 3080 nostras
2701 3020 3120 3101 privilegiales

561 3139 773 3191 nostro
806 3132 985 3192 solito
1019 3132 1221 3212 sigillo
1247 3131 1544 3210 pendenti
1589 3130 1928 3190 munimine
1978 3131 2323 3202 roboratas,
2352 3129 2556 3190 eidem
2587 3130 2929 3190 Benedicto
2962 3130 3129 3188 Kru·

565 3239 746 3316 pych‚
795 3259 906 3317 per
951 3240 1288 3301 instantem
1318 3247 1379 3298 et
1411 3240 1525 3298 iuri
1559 3257 1902 3299 consonam
1949 3239 2144 3316 ipsius
2185 3237 2576 3316 peticionem,
2613 3237 2803 3318 digne
2836 3237 3124 3297 duximus

569 3346 1020 3406 concedendas.
1093 3346 1323 3406 Datum
1393 3346 1724 3425 Zagrabie‚
1789 3345 1944 3404 feria
2012 3347 2289 3404 secunda
2350 3345 2633 3423 proxima
2694 3352 2837 3422 post
2898 3344 3125 3404 festum

567 3460 926 3512 sanctorum
974 3451 1283 3512 Gerwasii
1319 3460 1381 3512 et
1405 3451 1715 3512 Prothasii
1747 3452 2086 3526 martirum,
2136 3471 2299 3512 anno
2333 3452 2564 3512 domini
2597 3452 2923 3512 millesimo
2971 3471 3123 3530 qua-

561 3559 1051 3640 dringentesimo
1099 3560 1620 3640 quinquagesimo
1669 3560 1950 3638 septimo,

771 3682 1055 3751 Originale
1095 3684 1537 3750 membraneum,
1578 3681 1855 3751 dependet
1892 3698 2038 3737 zona
2076 3681 2291 3736 sericea
2315 3681 2555 3736 violacei
2585 3681 2790 3736 coloris
2830 3681 3013 3750 abque
3048 3683 3121 3736 si-

557 3773 688 3840 gillo
747 3772 807 3826 ln
847 3771 1080 3827 archivo
1121 3787 1338 3840 regnor.
1378 3771 1434 3825 C.
1475 3771 1528 3826 S.
1570 3777 1626 3825 et
1663 3771 1754 3826 D.:
1795 3771 1928 3825 Doc.
1968 3771 2138 3825 medii
2180 3771 2307 3826 aevi
2347 3787 2395 3824 a.
2431 3769 2588 3826 1457.

1741 4019 1955 4091 316.

773 4190 958 4249 Anno
1015 4187 1198 4249 1457.
1257 4186 1334 4248 14
1381 4187 1525 4247 iulii.
1573 4187 1874 4247 Viennae.

555 4348 932 4413 Ladislaus
983 4347 1396 4428 Hungariae
1441 4348 1560 4410 etc.
1608 4366 1742 4422 rex,
1791 4345 2222 4411 collationem
2288 4343 2505 4410 Vlrici
2552 4345 2831 4410 comitis
2882 4345 3121 4422 ciliae,

511 4549 514 4554 Ι
555 4455 793 4520 Marco
847 4452 1137 4518 Greiber
1179 4457 1390 4537 super
1432 4452 1632 4517 domo
1671 4452 2059 4530 Zagrabiae
2090 4456 2155 4516 et
2184 4474 2305 4517 sex
2332 4451 2762 4516 sessionibus
2794 4452 2873 4516 in
2905 4451 3124 4516 Chehe

1361 4558 1620 4624 habitis
1651 4561 1945 4644 jactam,
1995 4559 2319 4644 ratificat.

1699 4738 1930 4793 Belacio
1968 4739 2256 4792 Benedicti
2296 4739 2365 4791 de
2402 4739 2657 4792 Thurocz
2696 4737 3047 4792 thesaurarii.

772 4851 907 4908 Nos
953 4850 1284 4910 Ladislaus
1333 4851 1434 4910 dei
1481 4851 1698 4929 gracia
1731 4851 2074 4930 Hungarie,
2124 4849 2425 4908 Bohemie
2466 4849 2803 4921 Dalmacie,
2853 4849 3121 4909 Croacie

557 4968 653 5020 etc
711 4977 836 5033 rex,
885 4958 1261 5036 Austrieque
1311 4966 1373 5017 et
1417 4958 1600 5017 Stirie
1648 4959 1790 5033 dux,
1858 4977 2102 5017 necnon
2166 4957 2440 5016 marchio
2498 4957 2781 5017 Morauie
2831 4967 2944 5016 etc.
2996 4977 3121 5018 me-
