3917 5592
760 453 908 516 390·

755 671 1079 731 retroactis
1126 669 1527 748 temporibuS,
1563 668 2113 749 predecessoribus
2147 676 2209 729 et
2238 667 2601 747 parentibus
2648 661 3021 728 eorundem*
3067 676 3323 746 propter

757 779 1022 856 plurima
1069 779 1337 838 servicia
1365 798 1439 838 ac
1463 778 1779 839 meritoria
1828 787 1889 837 et
1922 778 2117 837 multa
2146 777 2528 856 laudedigna
2572 775 2880 836 beneficia
2904 775 3055 835 locis
3083 783 3145 835 et
3167 783 3321 834 tem-

753 886 1009 964 poribus
1053 887 1538 960 occurrentibuS,
1571 886 1635 945 in
1667 900 2142 964 recompensam
2188 884 2349 963 ipius
2384 883 2630 944 servicii
2654 883 2751 943 sui
2784 891 2845 944 et
2871 883 3345 943 beneficiorum*

759 1012 1013 1053 suorum
1040 993 1247 1072 aliquo
1273 981 1800 1054 remuneracionis
1828 993 2105 1053 antidoto
2131 1001 2455 1074 gratanter
2478 992 2752 1066 obviare,
2779 993 3037 1052 totalem
3062 1011 3323 1052 censum

762 1108 824 1160 et
854 1108 1228 1179 proventum
1273 1100 1468 1179 ipsius
1514 1101 1697 1162 vinee
1729 1101 1891 1161 dicte
1939 1101 2245 1179 empticie,
2292 1101 2461 1180 wlgo
2487 1102 2686 1160 zlewa
2733 1100 2999 1174 dictum3
3048 1107 3110 1160 et
3135 1099 3325 1159 alium

757 1209 1043 1287 quemvis
1090 1207 1399 1269 redditum
1447 1227 1580 1268 sew
1627 1209 1921 1269 censuale
1972 1208 2435 1268 emolimentum
2482 1209 2938 1287 quodcumque,
2988 1227 3177 1287 quem
3222 1208 3327 1267 vel

755 1317 922 1396 quod
955 1317 1121 1377 idem
1154 1317 1440 1377 dominus
1486 1317 1843 1396 Stephanus
1894 1308 2135 1376 autem⁸
2181 1316 2447 1377 heredes
2480 1315 2576 1375 sui
2610 1315 2743 1374 sive
2776 1333 3177 1376 successores
3223 1314 3320 1374 sui

753 1424 1047 1500 universi,
1081 1445 1119 1485 a
1143 1425 1341 1486 vineis
1389 1426 1453 1485 in
1477 1433 1688 1486 monte
1737 1426 2183 1505 Markusewrg
2225 1433 2452 1484 vocato
2494 1431 2556 1484 et
2580 1423 2979 1502 pertinenciis
3026 1423 3155 1482 suis
3188 1421 3319 1481 uni-

750 1532 968 1606 versiS,
1015 1532 1143 1592 iam
1188 1534 1480 1612 plantatis
1513 1534 1616 1594 vel
1645 1533 1708 1592 in
1738 1532 2013 1593 futurum
2045 1532 2420 1611 plantandiS,
2450 1551 2564 1610 per
2596 1531 2801 1610 ipsum
2828 1530 3151 1590 dominum
3181 1530 3319 1590 Ste-

749 1639 1027 1716 phanum
1053 1648 1160 1700 aut
1203 1660 1601 1701 successores
1627 1659 1774 1700 suos
1807 1640 2154 1715 univerSOS,
2196 1639 2420 1718 emptis
2460 1640 2562 1699 vel
2600 1639 3113 1717 qualitercunque
3147 1637 3320 1716 aqui·

755 1745 966 1806 rendis
1013 1766 1407 1827 quocumque
1439 1756 1793 1826 temporum
1823 1747 1886 1807 in
1918 1766 2235 1826 processu,
2284 1747 2406 1807 huc
2436 1765 2636 1825 usque
2671 1747 2822 1806 dare
2869 1753 2932 1806 et
2961 1747 3321 1825 persolvere

751 1853 1072 1914 debuisset
1117 1875 1230 1915 seu
1277 1856 1641 1916 debuissent
1687 1863 1898 1915 autem
1943 1863 2319 1930 tenerentur,
2381 1853 2624 1933 prefato
2679 1854 2932 1914 domino
2996 1853 3317 1931 Stephano

765 1971 976 2022 autem
1038 1963 1373 2024 heredibus
1435 1965 1564 2024 suis
1627 1963 1933 2024 universis
2000 1963 2226 2024 amodo
2272 1962 2336 2022 in
2399 1970 2584 2023 antea
2642 1980 2892 2040 semper
2939 1968 3001 2021 et
3046 1961 3109 2020 in
3156 1980 3320 2022 ewm

761 2090 836 2131 ac
881 2071 946 2131 in
992 2081 1362 2152 perpetuum
1409 2072 1560 2132 dixit
1606 2079 1670 2132 et
1715 2072 2034 2146 relaxavit,
2080 2091 2228 2148 ymo
2276 2071 2527 2131 omnino
2575 2069 2895 2144 relaxavit,
2943 2088 3019 2129 ac
3064 2069 3319 2148 insuper

763 2178 828 2238 in
876 2180 1146 2240 eundem
1193 2181 1512 2241 dominum
1558 2181 1946 2258 Stephanum
1997 2199 2071 2240 ac
2126 2187 2383 2240 cunctos
2435 2179 2700 2238 heredes
2762 2196 2911 2237 suos
2972 2176 3319 2250 univerSOS,

753 2287 1002 2348 racione
1051 2289 1393 2349 eorundem
1458 2296 1891 2368 proventuum,
1941 2306 2245 2348 censuum
2292 2295 2354 2346 et
2400 2286 2940 2346 emolimentorum
2986 2303 3205 2344 eorum
3250 2283 3315 2343 in

748 2403 1122 2473 perpetuum
1184 2396 1450 2456 reddidit
1517 2406 1579 2456 et
1642 2395 1952 2457 commisit
2016 2414 2091 2455 ac
2142 2394 2387 2473 reliquit
2430 2393 2564 2454 fore
2613 2392 2953 2471 expeditos,
2998 2391 3315 2466 liberatoS‚

754 2510 1205 2582 exemptosque
1251 2513 1315 2563 et
1359 2522 1472 2582 per
1519 2503 1728 2564 omnia
1791 2503 2128 2576 absolutOS,
2194 2502 2407 2581 sicque
2457 2502 2681 2561 eadem
2745 2501 3154 2580 Margaretha
3208 2517 3323 2578 per

760 2610 1030 2671 eundem
1077 2611 1334 2671 modum
1381 2631 1513 2671 sew
1560 2631 1674 2690 per
1719 2610 2131 2671 donacionem
2181 2609 2406 2688 prefati
2451 2607 2686 2668 domini
2730 2607 3049 2686 Stephani,
3105 2607 3319 2685 sicque

757 2718 1025 2779 eundem
1074 2718 1466 2779 Clementem
1513 2719 1576 2779 in
1621 2719 1740 2779 hiis
1787 2718 1981 2779 libere
2015 2726 2078 2778 et
2110 2719 2371 2796 pacifice
2417 2717 2757 2796 possidere,
2798 2715 3024 2796 vigore
3056 2722 3119 2775 et
3150 2715 3319 2774 testi-

759 2826 968 2886 monio
1015 2827 1409 2904 presencium
1456 2835 1809 2887 nostrarum
1855 2827 2175 2886 literarum
2218 2825 2549 2900 mediante,
2598 2823 2867 2905 sigillum
2912 2832 3195 2884 nostrum
3242 2823 3321 2883 de

755 2953 928 2993 more
979 2933 1132 2994 alias
1181 2941 1480 2995 consveto
1527 2927 1706 2994 duxi⁹
1753 2933 2252 3012 appendendum.
2324 2933 2556 2992 Datum
2618 2931 2950 3012 Zagrabie,
3019 2931 3176 2991 feria
3223 2949 3318 2990 se-

754 3042 958 3102 cunda
1005 3041 1288 3121 proxima
1321 3050 1465 3104 ante
1492 3041 1718 3102 festum
1765 3041 1936 3102 beati
1979 3040 2304 3101 Benedicti
2332 3039 2593 3114 abbatiS,
2648 3057 2812 3099 anno
2846 3038 3080 3098 domini
3126 3038 3317 3098 mille-

753 3149 913 3210 simo
961 3150 1577 3230 quadringentesimo
1624 3149 2146 3230 quinquagesimo
2193 3167 2376 3208 nono,

811 3321 818 3330 .
969 3271 1254 3341 originale
1291 3272 1738 3340 membraneum,
1775 3269 2023 3340 sigillum
2062 3274 2118 3325 et
2157 3286 2303 3325 zona
2338 3269 2523 3340 periit.
2560 3269 2623 3323 In
2660 3266 2895 3323 archivo
2922 3283 3140 3336 regnor.
3180 3265 3237 3322 C.
3258 3265 3314 3320 S.

748 3363 804 3416 et
839 3360 931 3415 D.:
968 3360 1089 3416 Doc
1125 3361 1299 3415 medii
1336 3361 1481 3416 aevi.
1520 3376 1570 3416 a.
1611 3359 1768 3416 1459.

969 3521 984 3549 ¹
1022 3520 1103 3574 sic
1159 3517 1468 3590 (lagnych).
1544 3520 1564 3548 ²
1620 3521 1702 3575 sic
1759 3521 2047 3592 (fundate).
2125 3522 2145 3551 ³
2199 3521 2297 3578 sic.
2373 3520 2396 3551 ⁴1
2432 3520 2514 3574 sic
2552 3517 2833 3590 (generis).
2911 3520 2929 3547 ³
2968 3518 3051 3573 sic
3106 3516 3309 3589 (domi-

747 3608 990 3682 narum).
1068 3611 1088 3639 ⁸
1125 3609 1206 3664 sic
1243 3607 1545 3680 (filiarum).
1623 3611 1643 3638 '²
1681 3611 1764 3665 sic
1803 3610 2119 3680 (eiu-dem).
2196 3612 2216 3639 ⁸
2252 3610 2334 3664 sic
2373 3609 2526 3680 (aut).
2604 3610 2625 3640 ⁰
2662 3609 2757 3663 sic.

1924 3877 2138 3949 ³25.

962 4025 1148 4085 Anno
1204 4023 1388 4086 1459.
1813 4007 1826 4018 '

745 4183 1159 4267 Rege-strum
1205 4183 1286 4249 de
1331 4185 1624 4249 decimis
1683 4185 1841 4249 vini
1901 4187 1967 4248 et
2010 4183 2204 4248 milii
2250 4183 2330 4248 in
2381 4182 2633 4268 Campo
2682 4181 3157 4270 Zagrabiensi,
3203 4205 3311 4248 ca-

1143 4293 1373 4377 pitulo
1421 4291 1884 4379 Zagrabiensi
1922 4291 2493 4377 provenientibus
2538 4295 2603 4356 et
2647 4291 2917 4357 solutis·

959 4455 1317 4536 Registrum
1364 4457 1493 4517 vini
1541 4465 1604 4517 et
1648 4455 1799 4517 milii
1845 4455 1914 4516 in
1959 4456 2266 4532 Sanabor,
2316 4475 2479 4516 anno
2528 4455 2761 4516 domini
2808 4463 2924 4516 etc.
2972 4450 3193 4515 LIX⁰.¹

1729 4613 1992 4680 Ceteris
2036 4635 2140 4679 em
2150 4614 2333 4680 issis.

1903 4741 2149 4804 Odra

745 4871 987 4931 Ianthol
1032 4869 1394 4932 Wribechin
1439 4915 2203 4931 ........
2298 4870 2382 4928 VI
2428 4869 2703 4949 capicias

749 4978 978 5039 Valent
1024 4978 1102 5039 de
1151 4978 1376 5038 eadem
1448 5021 2209 5036 ........
2300 4977 2327 5036 1
2434 4976 2744 5054 capiciam
2836 4978 2893 5038 V
2999 4979 3308 5040 denarios,
