3917 5592
575 544 813 551 ——-·--—--

638 665 906 717 Iohannes.
949 682 1126 716 comes
1166 668 1228 715 de
1268 668 1442 733 Bozyn
1499 666 1620 719 458.

639 738 921 789 Ladistaus.
964 738 1082 791 114.

642 809 907 859 Ladislaus
947 811 1008 859 de
1048 811 1236 861 Chaak.
1276 810 1396 861 244.
1437 810 1557 862 247.

639 882 888 932 MatheuS.
931 880 1016 934 26.

639 952 876 1001 Nicolaus
919 954 1107 1005 Konth.
1149 953 1232 1006 71.

639 1024 948 1073 Pertboldus
977 1024 1257 1075 Eldcrbach
1288 1027 1350 1075 de
1374 1027 1792 1091 Monyarakerek.

641 1166 918 1219 RolanduS.
957 1166 1043 1219 38.

636 1238 1000 1301 sigismundus
1041 1242 1104 1287 de
1145 1240 1336 1305 Bozyn.
1376 1240 1496 1293 458.

566 1310 980 1360 Valekouicz
1021 1310 1084 1359 de
1143 1312 1473 1377 Dobranchy,
1539 1314 1792 1366 Andreas.

569 1454 752 1501 Valent
793 1454 856 1502 de
899 1454 1124 1505 Mraclin.
1165 1453 1288 1505 392.

571 1525 752 1573 Valent
793 1526 856 1573 de
896 1524 1052 1574 Odra.
1097 1524 1219 1577 390.

579 1595 896 1644 Valentinus.
950 1595 1068 1648 135.
1129 1594 1246 1649 139.
1309 1598 1427 1648 140.
1497 1596 1611 1649 141.
1672 1598 1792 1652 142.

641 1665 755 1719 143.
802 1666 916 1718 147.
959 1667 1062 1719 152
1107 1668 1226 1719 222.
1268 1668 1389 1720 229.
1417 1668 1522 1721 348
1577 1669 1699 1721 450.

571 1738 872 1787 Valentinus
947 1737 1014 1788 fil.
1082 1741 1291 1805 Agnetis
1355 1742 1688 1806 Noukowycb
1747 1753 1794 1791 et

642 1809 850 1875 Georgii
892 1810 954 1860 de
993 1810 1204 1862 obt-ess,
1244 1812 1362 1864 259.

573 1882 873 1931 Valentinus
913 1881 980 1934 61.
1023 1883 1232 1947 Agnetis
1290 1882 1360 1932 fil.
1417 1884 1652 1949 Gregorii
1697 1886 1792 1933 Ka-

647 1953 888 2018 thowych
931 1956 992 2003 de
1033 1955 1238 2007 stan.
1276 1954 1398 2007 368.

572 2025 873 2074 Valentinus
911 2023 981 2079 fil.
1024 2027 1256 2091 Agustini
1299 2026 1386 2075 filii
1430 2028 1645 2080 Martini.
1676 2028 1793 2081 179.

565 2168 866 2219 Valentinus
905 2168 973 2220 61.
1015 2170 1248 2219 Andreae
1305 2169 1424 2223 133.
1469 2170 1589 2223 162.

569 2240 872 2290 Valentinus
911 2240 976 2291 61.
1019 2242 1251 2289 Andreae
1307 2241 1392 2289 filii
1454 2242 1685 2291 Damiani
1728 2246 1790 2291 de

637 2310 918 2375 Mrachlyn.
960 2310 1079 2363 231.
1131 2311 1254 2364 232.

571 2383 876 2432 Valentinus
917 2380 983 2430 fil.
1027 2382 1273 2431 Anthonii
1323 2384 1386 2432 de
1447 2384 1534 2437 lnf.
1595 2386 1788 2451 Lomp-

639 2468 808 2518 nycza.
851 2452 972 2504 297.
1013 2452 1132 2505 411.

565 2525 866 2574 Valentinus
906 2524 975 2577 61.
1014 2525 1274 2575 Benedicti
1305 2526 1672 2591 Nychwarych.
1702 2530 1787 2582 94.

568 2596 873 2646 Valentinus
917 2595 974 2644 61·
1028 2596 1287 2646 Benedicti
1329 2598 1394 2647 de
1433 2599 1611 2651 Mlaka.
1665 2600 1787 2654 252.

567 2666 872 2717 Valentinus
915 2666 981 2716 fil.
1024 2667 1176 2716 Blasii
1235 2667 1303 2719 fil.
1365 2670 1667 2734 Mayehnick
1723 2675 1786 2721 de

637 2739 724 2791 lnf.
766 2738 1061 2787 Lomnicza.
1098 2737 1220 2791 326.
1259 2738 1378 2791 327.

562 2810 866 2861 Valentinus
907 2809 973 2861 61.
1015 2810 1204 2862 Brictii.
1247 2810 1330 2863 94.

559 2883 862 2933 Valentinus
937 2880 1004 2931 61.
1100 2882 1400 2943 Clementis,
1477 2884 1786 2935 inhabitator

633 2953 1104 3019 Montisgrecensis.
1147 2952 1268 3007 172.

563 3026 866 3074 Valentinus
906 3024 973 3075 fil.
1017 3024 1250 3074 Damiani
1279 3027 1342 3074 de
1374 3026 1560 3085 Losan,
1591 3029 1780 3080 Lusan.

623 3094 743 3148 312.
781 3095 902 3149 340.
943 3094 1063 3146 347.
1103 3096 1222 3148 359.
1281 3096 1404 3149 362.
1462 3096 1780 3151 368.-370.

628 3164 748 3219 383.
787 3166 894 3218 389
949 3164 1071 3217 408.

561 3239 860 3287 Valentinus
899 3236 966 3287 fil.
1027 3237 1248 3287 Emerici
1287 3237 1355 3291 61.
1423 3240 1598 3291 Curta.
1662 3240 1780 3293 179.

559 3380 860 3429 Valentinus
900 3379 966 3431 61.
1011 3379 1233 3429 Fabiani.
1277 3380 1394 3433 162.
1437 3382 1556 3434 189.
1601 3382 1718 3435 190.

557 3452 858 3501 Valentinus
899 3450 950 3500 fit
1008 3450 1213 3500 Fabiani
1272 3451 1338 3504 fil.
1383 3454 1503 3501 Wlk
1547 3455 1622 3509 ,de
1683 3454 1780 3502 Ra-

630 3524 798 3588 karya.
839 3522 958 3575 345.

561 3594 864 3644 Valentinus
904 3594 976 3645 61.
1018 3593 1244 3658 Georgii,
1284 3592 1368 3646 39.
1409 3594 1494 3647 40.

561 3665 862 3715 Valentinus
899 3664 973 3713 fil.
1025 3662 1232 3729 Georgii
1285 3666 1367 3727 (de
1409 3666 1778 3730 Korylowecz).

626 3736 745 3789 455.

557 3826 858 3875 Valentinus
899 3824 967 3877 fil.
997 3824 1204 3891 Georgii
1235 3826 1298 3875 de
1327 3825 1417 3874 lnf.
1446 3827 1778 3892 Lompnicza.

624 3896 743 3950 282.
783 3896 902 3949 296.
943 3895 1062 3949 314.
1101 3894 1222 3949 315.
1259 3895 1382 3949 316.
1420 3896 1540 3950 419.

557 3968 856 4018 Valentinus
921 3967 986 4019 61.
1051 3967 1262 4033 Georgii
1323 3968 1392 4019 61.
1452 3970 1652 4019 Swazth
1717 3970 1780 4019 de

625 4039 714 4091 lnf.
755 4038 1082 4104 Lornpnicza.
1124 4039 1244 4091 414.

556 4110 856 4161 Valentinus
895 4109 968 4161 fil.
1008 4110 1236 4171 Giurgek
1275 4108 1346 4162 fil.
1378 4110 1514 4159 Pedk
1542 4110 1611 4162 61.
1653 4113 1778 4161 lwsa

627 4184 689 4231 de
731 4180 1057 4246 Dobranych.
1098 4178 1219 4233 349.

558 4254 862 4303 Valentinus
910 4252 978 4302 fil.
1043 4252 1280 4315 Gregorii
1346 4254 1408 4301 de
1475 4254 1775 4307 Korilowcz.

623 4324 743 4378 336.

556 4396 857 4445 Valentinus
897 4396 964 4445 fil.
1007 4395 1242 4461 Gregorii
1302 4394 1373 4447 61.
1435 4396 1674 4446 lobannis
1714 4396 1776 4443 de

624 4467 950 4531 Dobranych.
991 4464 1110 4519 349.
1149 4464 1274 4519 350.

552 4539 855 4588 Valentinus
895 4538 965 4591 fil.
1007 4537 1308 4603 Gurgurycz
1348 4539 1410 4587 de
1439 4540 1625 4589 Lusan.
1651 4538 1774 4591 362.

553 4609 856 4659 Valentinus
895 4609 967 4661 fil.
1012 4608 1242 4673 Hernycz
1293 4609 1375 4669 (de
1433 4608 1522 4661 Ins.
1581 4611 1774 4674 Lomp-

620 4684 811 4745 nycra).
849 4680 968 4733 422.

554 4751 854 4800 Valentinus
893 4751 967 4804 fil.
1021 4752 1155 4799 [wan
1214 4751 1276 4799 de
1337 4751 1423 4804 lnf.
1481 4752 1772 4802 Lomnicza.

618 4821 738 4874 216.

551 4893 852 4942 Valentinus
893 4894 1057 4943 dictus
1097 4894 1239 4955 Ozel,
1279 4894 1350 4947 fil.
1392 4896 1526 4943 [wan
1566 4893 1636 4946 fil.
1679 4894 1771 4942 lw-

616 4964 758 5030 sych.
797 4964 918 5017 276.

1499 430 1727 499 Index.
1798 474 1847 480 --

1924 434 1999 502 U.
2062 422 2281 501 VRW.

3018 437 3146 501 523

1920 669 2224 718 Valentinus
2275 668 2297 717 f
2314 671 2343 722 1.
2408 670 2631 719 lwi-necz
2688 669 2757 721 fil.
2818 672 3145 735 W'ydowych

1989 740 2051 788 de
2091 741 2280 791 Losan.
2330 740 2451 793 359.
2492 740 2612 793 360.

1921 811 2227 860 Valentinus
2266 811 2341 861 fil.
2368 813 2565 861 Kussae
2589 814 2651 861 de
2675 813 3002 878 Dobrnnych.
3026 813 3144 865 349.

1922 880 2225 933 Valentinus
2265 882 2337 935 fil.
2382 885 2575 933 Kussae
2606 886 2668 933 de
2705 886 3007 935 Korilowcz.
3022 884 3127 936 336

1917 954 2221 1003 Valentinus
2261 953 2328 1006 fil.
2372 956 2540 1005 Lucae
2582 954 2653 1008 61.
2684 956 2925 1005 lobannis
2956 958 3016 1003 de
3040 958 3143 1005 Go-

1991 1041 2151 1089 rycza.
2193 1025 2313 1078 278.

1919 1098 2223 1146 Valentinus
2262 1096 2335 1149 fit.
2376 1098 2723 1163 margarethae
2782 1098 2850 1151 fil.
2904 1100 3141 1165 Gregorii

1990 1162 2311 1234 Katbowiych
2353 1172 2415 1217 de
2456 1171 2657 1221 stan.
2698 1169 2820 1223 368.
2860 1170 2983 1223 371.

1921 1240 2225 1289 Valentinus
2266 1240 2337 1292 61.
2378 1243 2656 1302 MichaeliS,
2717 1241 2867 1292 iudex
2928 1242 3141 1291 Montis-

1988 1310 2266 1374 grecensis.
2306 1311 2426 1364 289.

1920 1380 2224 1433 Valentinus
2266 1383 2331 1434 fil.
2375 1384 2565 1433 Nicolai
2605 1386 2666 1433 de
2710 1386 2897 1445 Lus-an,
2940 1386 3143 1436 stan.

1991 1453 2109 1507 312.
2152 1454 2271 1506 313.
2310 1453 2430 1507 389.
2470 1455 2590 1507 429.

1921 1526 2225 1575 Valentinus
2264 1524 2331 1577 61.
2374 1527 2514 1575 Pauli
2558 1526 2649 1575 fvii
2692 1528 2912 1579 Poznztn.
2954 1526 3072 1579 183.

1920 1598 2225 1665 Valentinus
2265 1596 2335 1646 fil.
2380 1598 2531 1652 Petri.
2588 1596 2674 1649 39.
2736 1598 2805 1649 40
2864 1597 2980 1651 133.
3025 1599 3142 1652 162.

1923 1668 2225 1717 Valentinus
2266 1668 2336 1721 til.
2380 1670 2513 1718 Petri
2555 1671 2615 1719 de
2659 1668 2747 1722 lnf.
2790 1671 3137 1735 Lornpnycza.

1990 1738 2109 1791 419.

1918 1829 2221 1877 Valentinus
2260 1828 2330 1882 fil.
2374 1830 2505 1879 Petri
2546 1828 2618 1879 fil.
2674 1831 2879 1879 Zwazth
2930 1833 3007 1893 de,
3053 1831 3141 1883 lnf.

1990 1900 2333 1965 Lompnycza.
2380 1900 2499 1952 414.

1917 1972 2222 2021 Valentinus
2262 1971 2332 2024 fil.
2377 1972 2615 2037 Philippi.
2658 1972 2776 2026 162.

1917 2042 2223 2091 Valentinus
2262 2043 2332 2096 fil.
2374 2042 2597 2110 Philippi
2638 2046 2699 2093 de
2756 2046 3140 2111 Dragonosecb.

1916 2187 2217 2234 valentina:
2261 2186 2327 2239 fil.
2370 2186 2591 2252 Philippi
2634 2187 2705 2239 fil.
2749 2190 2869 2237 Wlk
2928 2190 2989 2238 de
3048 2190 3140 2237 Ra-

1988 2256 2157 2322 karya.
2198 2258 2320 2311 204.

1916 2329 2217 2378 Valentinus
2258 2330 2325 2382 61.
2364 2331 2625 2395 SymoniS.
2663 2330 2767 2383 295

1915 2400 2219 2449 Valentinus
2258 2400 2329 2450 fil.
2369 2402 2613 2465 Symonis
2664 2404 2726 2451 de
2785 2402 2875 2454 Ins.
2938 2404 3132 2467 Lomp-

1984 2488 2156 2537 nyczn.
2198 2472 2319 2525 282.
2360 2473 2479 2525 297.

1915 2543 2217 2592 Valentinus
2282 2544 2352 2596 fil.
2418 2545 2662 2610 Stephani
2734 2547 2796 2593 de
2861 2545 3133 2598 Drenowa.

1982 2614 2104 2667 209.

1911 2703 2219 2753 Valentinus
2248 2704 2319 2754 fil.
2349 2705 2595 2769 Stephani
2626 2706 2689 2755 de
2717 2704 2806 2755 Inf.
2837 2705 3129 2757 Lomnicza.

1978 2774 2100 2827 215.
2140 2774 2260 2827 282.

1907 2847 2211 2896 Valentinus
2270 2846 2339 2898 fil.
2400 2847 2647 2912 Stephani
2706 2848 2768 2895 de
2828 2848 3134 2900 Korilowcz.

1907 2915 2211 3039 Va÷l3egti5tinus
2250 2988 2320 3040 fil.
2361 2989 2606 3055 Stephani
2668 2990 2737 3042 sul.
2798 2989 3003 3039 Fabiani
3063 2990 3135 3041 fil.

1978 3060 2081 3109 lwk
2120 3061 2183 3108 de
2225 3060 2316 3112 Inf.
2358 3062 2704 3125 Lompnycza.
2742 3060 2863 3113 304.
2904 3060 3028 3115 305.

1907 3131 2209 3181 Valentinus
2273 3131 2344 3180 fil.
2409 3132 2653 3197 Stephani
2713 3131 2784 3184 61.
2843 3133 3029 3182 Vrbani
3075 3134 3136 3181 de

1980 3202 2285 3254 Korilowcz.
2324 3202 2447 3255 344·

1906 3272 2208 3396 vaggiam
2230 3274 2299 3325 fil.
2326 3274 2528 3324 Swaztb
2551 3276 2633 3335 (de
2664 3274 2751 3327 lnf.
2784 3274 3132 3337 λυπηρῶς-τε).

1903 3435 2208 3485 Valentinus
2248 3434 2319 3486 61.
2360 3436 2596 3484 Thomae
2637 3434 2707 3486 61.
2736 3435 2963 3499 Georgii.
3006 3434 3112 3486 276

1903 3501 2207 3555 Valentinus
2246 3506 2317 3557 61.
2358 3506 2615 3556 Valentini
2657 3507 2721 3555 de
2760 3507 2963 3559 stan.
3002 3505 3110 3558 456

1903 3578 2209 3626 Valentinus
2248 3577 2304 3626 fil
2372 3578 2601 3627 Vrbanaz
2662 3578 2724 3626 de
2784 3576 2873 3628 lnf.
2934 3578 3127 3642 Lomp-

1973 3663 2146 3713 nycza.
2184 3648 2307 3701 420.
2348 3649 2470 3701 421.
2509 3649 2631 3701 422.

1903 3720 2209 3769 Valentinus
2252 3720 2321 3772 61.
2361 3720 2553 3769 Vrbani
2594 3722 2657 3770 de
2696 3719 2785 3771 lnf.
2816 3720 3125 3785 Lomnycza.

1971 3791 2092 3843 411.

1901 3880 2205 3930 Valentinus
2246 3881 2308 3930 de
2350 3881 2599 3945 larebycz.
2639 3878 2759 3933 456.

1901 3952 2205 4001 Valentinus
2245 3952 2307 4001 de
2348 3951 2439 4001 1nf.
2481 3952 2789 4016 Lomnycza.
2845 3952 2965 4004 128.
3008 3950 3127 4003 131.

1971 4023 2092 4076 277.
2131 4022 2235 4076 282
2292 4022 2411 4075 297.
2450 4022 2569 4075 384.
2608 4022 2729 4075 410.
2768 4023 2891 4074 422.

1902 4095 2205 4144 Valentinus
2243 4095 2305 4143 de
2348 4094 2590 4159 Kobilytb
2648 4092 2768 4145 416.

1900 4166 2206 4215 Valentinus
2246 4167 2308 4214 de
2350 4166 2653 4217 Korilowcz.
2691 4164 2813 4217 344.
2851 4164 2972 4216 455.

1903 4238 2207 4287 Valentinus
2271 4237 2335 4285 de
2410 4236 2730 4301 Lomnycha,
2808 4237 3130 4301 l.umnycha.

1972 4308 2088 4361 170.
2132 4307 2247 4359 171.

1900 4396 2201 4447 Valentinus
2240 4399 2321 4456 (de
2358 4398 2485 4460 Sup.
2526 4398 2844 4455 Lultawecz)·
2882 4396 3006 4447 455.

1898 4470 2157 4529 Walltow,
2198 4484 2337 4533 poss.
2382 4467 2501 4520 188.

1895 4540 2045 4589 vallis
2084 4540 2339 4605 Glubolty.
2384 4538 2485 4604 198

1895 4610 2042 4659 vallis
2082 4624 2173 4659 seu
2218 4612 2397 4661 Mlalta.
2438 4609 2559 4662 431.

1895 4684 2071 4731 valvae
2110 4684 2231 4730 eccl.
2275 4681 2485 4747 Zagrab.
2526 4680 2646 4733 446.

1897 4752 2198 4817 VVaracysk.
2235 4751 2320 4804 24.

1897 4824 2249 4873 waradiensis
2325 4824 2504 4875 ecc'es.
2573 4822 3130 4883 canonisus,·l>etrus‚

1968 4896 2144 4953 lector,
2184 4895 2463 4945 canonicus
2502 4894 2873 4959 Zagrabiensis.
2912 4892 3033 4944 309.

1897 4966 2249 5015 waradiensis
2286 4966 2577 5031 episcopus.
2621 4965 2779 5015 Vide:
2830 4966 3111 5029 episcopus
