3917 5592
833 450 963 514 320

828 667 1129 726 facientes
1189 667 1601 744 personalem.
1666 667 1735 726 In
1798 685 2060 743 quorum
2123 665 2396 725 omnium
2461 666 2906 742 premissorum
2967 665 3386 724 testimonium

830 773 1311 852 firmitatemque
1380 781 1767 852 perpetuam,
1834 772 2228 850 presentibus
2299 773 2503 852 sigilla
2571 781 2787 832 nostra
2851 771 3032 832 solita
3081 771 3386 831 duximus

832 881 1265 958 appendenda.
1313 881 1545 940 Datum
1591 879 1921 960 Zagrabie,
1970 879 2125 940 feria
2152 881 2428 941 secunda
2458 880 2742 957 proxima
2775 887 2920 939 ante
2947 881 3174 938 festum
3201 879 3386 938 beate

826 987 1022 1046 Elene
1071 988 1303 1068 regine,
1353 1007 1517 1046 anno
1547 986 1775 1046 domini
1826 986 2150 1046 millesimo
2203 986 2819 1066 quadringentesimo
2866 985 3386 1065 quinquagesimo

829 1102 1067 1173 quart0.
1146 1109 1161 1126 ·

1041 1216 1324 1285 Originale
1376 1218 1817 1284 membraneum,
1882 1217 2164 1286 appendet
2221 1233 2367 1270 zona
2421 1217 2636 1272 sericea
2693 1219 2845 1271 rubri
2903 1221 2959 1272 et
2996 1219 3136 1287 nigri
3177 1219 3384 1273 eoloris

833 1308 1047 1375 absque
1086 1305 1286 1374 sigi110,
1326 1307 1503 1360 altera
1556 1306 1686 1359 huic
1737 1322 1772 1359 a
1828 1305 2057 1360 sinistra
2111 1311 2270 1374 parte
2323 1307 2457 1360 olim
2499 1307 2842 1376 appendens,
2901 1324 3144 1362 unacum
3202 1307 3384 1376 sigillo

826 1395 1007 1464 periit.
1048 1395 1210 1464 Apud
1249 1396 1377 1448 nob.
1418 1394 1711 1448 Nicolaum
1751 1394 1996 1449 Sedmak
2035 1395 2091 1448 in
2131 1396 2322 1464 Super.
2363 1395 2640 1450 Lukavec.
2678 1396 2779 1450 No,
2819 1396 2869 1450 9.

2005 1681 2214 1751 285.

1040 1880 1222 1940 Anno
1279 1879 1461 1940 1454.
1519 1879 1615 1940 17.
1667 1880 1829 1940 iunii.
1879 1881 2250 1960 Zagrabiae.

832 2074 1082 2139 Coram
1131 2073 1436 2138 Iohanne
1481 2073 1768 2150 Zmolik,
1815 2073 2185 2168 castellano
2234 2074 2314 2137 de
2361 2073 2667 2158 Ztupnik
2712 2075 3088 2160 comiteque
3137 2075 3384 2157 Campi

821 2180 1317 2266 Zagrabiensis
1378 2202 1460 2244 ac
1518 2179 1778 2244 Thoma
1835 2179 1998 2264 filio
2047 2180 2260 2244 Pauli
2306 2181 2388 2244 de
2448 2181 2866 2265 Woynosecz,
2928 2182 3176 2246 comite
3222 2185 3382 2246 terr.

818 2290 1125 2354 eiusdem
1178 2289 1442 2376 Campi,
1488 2292 1741 2374 quarta
1766 2289 2108 2372 puellaris
2155 2287 2468 2353 Mathiae
2497 2292 2560 2354 et
2593 2289 2914 2354 Emerico
2950 2289 3139 2373 filiis
3177 2288 3384 2352 Pauli

1565 2395 1647 2460 de
1692 2395 2140 2474 Rodmanicz,
2203 2397 2632 2480 assignatur.

1036 2596 1169 2654 Nos
1216 2596 1527 2654 lohannes
1559 2595 1801 2654 Zmolik
1852 2596 2230 2654 castellanus
2264 2596 2501 2655 castelli
2533 2596 2801 2674 Ztupnik
2834 2597 3040 2656 vocati
3074 2605 3136 2656 et
3168 2615 3380 2656 comes

822 2702 1047 2780 Campi
1095 2702 1539 2782 Zagrabiensis
1604 2722 1679 2762 ac
1746 2703 2024 2762 Thomas
2091 2703 2253 2764 filius
2325 2705 2502 2764 Pauli
2566 2705 2644 2764 de
2705 2705 3104 2780 Woynosecz
3167 2722 3379 2764 comes

821 2809 1130 2870 terrestris
1179 2810 1459 2870 eiusdem
1494 2810 1721 2888 Campi
1767 2812 2068 2871 memorie
2102 2813 2614 2872 commendamus
2662 2831 2774 2890 per
2821 2821 3162 2890 presentes,
3211 2814 3379 2891 quod

822 2935 963 2976 cum
1010 2937 1125 2976 nos
1174 2918 1253 2976 ad
1302 2918 1633 2976 instantem
1683 2918 2068 2995 peticionem·
2121 2919 2360 2978 Mathie
2409 2927 2471 2979 et
2539 2919 2806 2979 Emerici
2870 2919 3137 2980 filiorum
3203 2920 3379 2980 Pauli

820 3023 925 3084 filii
973 3025 1143 3084 Luce
1191 3024 1336 3084 dicti
1400 3025 1677 3110 Mrinecz
1724 3026 1804 3085 de
1852 3025 2251 3099 Rodmanicz,
2319 3046 2393 3086 ex
2442 3028 2665 3087 eodem
2715 3026 2948 3088 scilicet
3009 3029 3204 3088 Paulo
3253 3027 3378 3088 filio

818 3131 1042 3209 prefati
1091 3133 1258 3191 Luce
1306 3131 1451 3190 dicti
1484 3131 1778 3207 Mrinecz,
1828 3139 1892 3192 et
1938 3151 2015 3192 ex
2047 3132 2235 3191 nobili
2283 3135 2550 3193 condam
2591 3134 2845 3193 domina
2889 3135 3086 3194 Elena
3134 3143 3378 3210 vocata,

820 3240 1155 3299 Kerznaua
1203 3240 1663 3320 cognominata,
1710 3239 1838 3300 filia
1871 3241 2138 3300 condam
2187 3241 2440 3301 Andree
2488 3241 2634 3301 dicti
2666 3241 2886 3301 Boricz
2935 3243 3013 3301 de
3060 3243 3379 3322 Superiori

819 3347 1153 3406 Lukauecz
1185 3346 1462 3428 legitime
1506 3347 1974 3427 progenitorum
2024 3357 2086 3407 et
2133 3356 2617 3427 procreatorum,
2666 3348 2905 3408 nobiles
2939 3349 3108 3409 viros
3154 3351 3378 3426 Stoya-

820 3475 969 3514 num
1018 3455 1209 3514 filiurn
1259 3456 1501 3516 Thome
1550 3455 1627 3514 de
1675 3454 2058 3530 Gustinicza,
2107 3464 2170 3514 et
2215 3456 2613 3532 Damyanum
2660 3455 2852 3514 filium
2901 3458 3152 3517 alterius
3204 3458 3378 3518 Pauli

821 3564 900 3623 de
932 3562 1115 3622 ·dicta
1160 3563 1559 3637 Rodmanicz,
1607 3563 1977 3642 iobagiones
2026 3564 2313 3624 videlicet
2358 3571 2606 3623 nostros
2676 3564 3046 3644 fidedignos,
3095 3567 3174 3627 de
3223 3568 3372 3626 sede

820 3680 1035 3731 nostra
1081 3671 1402 3731 iudiciaria
1450 3672 1632 3732 solita
1662 3671 2094 3751 Zagrabiensi,
2141 3672 2297 3731 feria
2329 3672 2608 3732 secunda
2637 3673 2922 3751 proxima
2969 3681 3112 3733 ante
3144 3673 3372 3734 festum

824 3779 1292 3854 PenthecosteS,
1339 3799 1505 3840 nunc
1550 3779 1829 3858 proxime
1877 3780 2258 3858 preteritum,
2309 3780 2389 3839 ad
2436 3779 2892 3859 infrascriptam
2939 3789 3158 3859 quarte
3207 3783 3376 3861 puel·
3423 3793 3430 3802 ’

821 3887 966 3947 laris
1014 3887 1509 3964 possessionarie
1570 3887 1953 3966 prefatorum
2017 3887 2261 3947 Mathie
2307 3895 2369 3946 et
2415 3887 2684 3947 Emerici
2748 3889 3238 3965 separacionem,
3285 3889 3374 3948 in-

820 3995 1285 4054 troduccionem
1334 4003 1395 4054 et
1443 3995 1853 4055 statucionem
1887 3995 2241 4055 faciendam
2273 3994 2548 4074 legitime
2581 3995 3089 4072 destinassemus,
3123 3998 3376 4057 tandem

820 4101 1006 4161 iidem
1056 4102 1425 4182 iobagiones
1472 4103 1667 4162 nostri
1728 4103 2031 4183 fidedigni
2081 4103 2142 4162 in
2191 4103 2518 4181 quindenis
2567 4103 2842 4181 predicte
2888 4103 3041 4164 ferie
3103 4105 3376 4164 secunde

820 4209 1041 4269 exinde
1092 4211 1171 4269 ad
1218 4229 1334 4270 nos
1382 4211 1618 4271 reversi
1666 4218 1730 4272 et
1775 4230 1887 4289 per
1933 4230 2049 4270 nos
2099 4209 2431 4290 diligenter
2494 4209 2788 4289 requisiti,
2839 4210 3018 4273 nobis
3066 4230 3142 4271 eo
3190 4213 3376 4272 modo

818 4316 1179 4376 retullerunt
1238 4317 1581 4396 ,fidedigne,
1668 4325 1735 4376 ut
1803 4317 1920 4395 ipsi
1991 4316 2147 4376 feria
2217 4317 2494 4376 secunda
2565 4317 2847 4394 proxima
2934 4325 3078 4377 ante
3146 4317 3375 4377 festum

816 4423 984 4483 beati
1054 4424 1345 4484 Barnabe
1417 4425 1695 4503 apostoli,
1774 4444 1941 4484 nunc
2011 4424 2290 4502 proxime
2365 4424 2745 4502 preteritum,
2820 4433 2882 4484 et
2952 4424 3085 4484 aliis
3157 4425 3375 4486 diebus

820 4532 900 4591 ad
947 4531 1008 4590 id
1059 4528 1243 4592 actis¹
1314 4541 1375 4593 et
1423 4533 1889 4608 sufficientibuS,
1940 4533 2020 4592 ad
2081 4531 2274 4592 facies
2340 4531 2846 4610 quartaliciarum
2907 4533 3376 4611 possessionum

818 4638 1234 4717 predictorum
1284 4641 1522 4700 Mathei
1571 4650 1633 4701 et
1677 4640 1965 4715 Emerici,
2015 4639 2214 4718 primo
2263 4639 2324 4698 in
2371 4640 2706 4700 Lukauecz
2768 4641 3084 4718 quandam
3147 4649 3375 4701 terram

820 4747 1225 4808 sessionalem
1274 4749 1434 4808 inter
1480 4757 1711 4808 terram
1776 4747 2184 4808 sessionalem
2251 4747 2509 4827 Georgii
2555 4746 2662 4806 filii
2710 4747 3000 4827 Gregorii
3048 4749 3194 4808 dicti
3241 4747 3373 4808 Me-

820 4854 1126 4915 licheuich
1178 4875 1214 4915 a
1260 4863 1439 4934 parte
1468 4855 1770 4930 orientali,
1820 4863 1883 4914 et
1927 4853 2088 4914 inter
2117 4862 2346 4914 terram
2381 4854 2787 4914 sessionalem
2816 4854 3095 4914 similiter
3126 4864 3373 4934 quarta·

819 4961 1025 5022 liciam
1054 4963 1325 5022 Simonis
1354 4963 1500 5023 dicti
1532 4963 1749 5036 Petko,
1782 4961 1886 5022 filii
1919 4960 2185 5036 Crisani,
2217 4961 2637 5021 Nedelkouicz
2671 4961 3110 5040 cognominati,
3137 4982 3176 5022 a
3199 4973 3374 5042 parte
