3917 5592
2931 400 3052 462 201

498 623 855 682 contessum
926 622 1145 682 extatit
1207 620 1441 700 pariter
1487 630 1551 680 et
1596 621 1859 679 relatum
1921 618 2266 679 ministerio
2313 618 2456 677 vive
2506 618 2676 678 vocis
2740 636 2956 677 eorum
3001 616 3069 675 in

497 730 663 789 hunc
708 729 985 803 modum,
1031 736 1100 789 ut
1162 726 1448 807 quamvis
1510 727 1671 786 inter
1732 726 1903 803 ipsas
1975 732 2188 804 partes
2253 724 2374 784 litis
2441 732 2504 785 et
2572 723 2914 803 questionis
2979 740 3054 782 ac

502 835 1025 897 controversionis
1072 855 1187 895 seu
1231 833 1547 894 homicidii
1592 832 1857 893 materia
1916 840 2106 907 mota,
2173 832 2433 892 suborta
2495 841 2557 891 et
2619 831 2924 891 suscitata
2995 848 3070 889 ac

503 942 861 1021 aliquandiu
930 942 1231 1002 ventilata
1275 941 1597 1014 extitisset,
1664 948 1877 999 tamen
1926 940 2060 1017 ipse
2107 948 2318 1017 partes
2367 939 2595 998 amodo
2656 938 2720 998 in
2769 946 2957 997 antea
3003 936 3066 995 in

504 1050 679 1130 pacis
706 1059 769 1109 et
800 1050 1130 1110 concordie
1162 1068 1236 1109 ac
1263 1046 1697 1127 tranquilitatis
1732 1047 1959 1106 unione
1989 1046 2219 1126 iugiter
2244 1065 2633 1125 permanere,
2679 1064 2792 1123 per
2817 1063 3066 1123 compo—

504 1157 801 1217 sicionem
872 1164 935 1217 et
1003 1155 1468 1216 ordinacionem
1535 1153 1938 1232 plurimorum
2009 1153 2470 1233 fidedignorum
2542 1162 2604 1213 et
2673 1153 3062 1229 ydoneorum

506 1264 797 1338 virorum,
844 1263 1143 1323 nobilium
1191 1261 1591 1321 consimiliter
1637 1260 2050 1320 castrensium
2096 1278 2320 1338 pacem
2385 1260 2726 1320 earundem
2787 1258 3068 1337 parcium

503 1371 866 1444 zelancium,
915 1371 995 1430 ad
1027 1372 1213 1429 talem
1246 1370 1497 1429 finalem
1528 1368 1702 1447 pacis
1734 1375 1798 1427 et
1826 1367 2278 1446 tranquilitatis
2297 1375 2484 1447 atque
2518 1366 2848 1427 concordie
2879 1367 3065 1425 deve-

505 1477 743 1537 nissent
788 1477 1098 1550 unionem,
1146 1495 1357 1553 ymmo
1424 1476 1812 1535 devenerunt
1877 1493 2090 1534 coram
2155 1474 2352 1548 nobis,
2416 1475 2583 1552 quod
2645 1473 2780 1552 ipse
2849 1481 3060 1551 partes

506 1604 649 1645 sese
696 1595 914 1644 mutua
962 1584 1403 1657 vicissitudine,
1452 1582 1741 1642 videlicet
1788 1602 1913 1641 una
1961 1582 2147 1641 aliam
2195 1601 2308 1641 seu
2341 1582 2539 1641 altera
2585 1582 2845 1641 alteram
2879 1596 3068 1658 super

504 1692 792 1751 omnibus
861 1692 1084 1765 litibus,
1156 1690 1605 1769 questionibuS,
1689 1689 1869 1749 factis
1940 1688 2356 1767 potenciariis,
2438 1687 3066 1759 controversionibuS‚

505 1799 810 1879 dampnis,
856 1798 1246 1858 nocumentis
1280 1796 1777 1858 altricacionibus
1794 1790 1825 1869 ¹,
1871 1796 2126 1869 iniuriiS,
2174 1796 2348 1870 odiis,
2397 1796 2761 1870 homicidiiS,
2809 1795 3064 1871 obi[e]c-

504 1906 785 1966 cionibus
834 1913 896 1965 et
942 1905 1078 1964 aliis
1124 1904 1446 1984 quibusvis
1493 1902 1753 1963 maliciis
1802 1922 1877 1963 ac
1910 1902 2249 1964 malefeciis
2283 1912 2347 1963 et
2370 1902 2836 1963 malefeciorum
2866 1919 3060 1982 gene-

509 2014 679 2073 ribus
727 2032 840 2073 seu
904 2012 1377 2092 gravaminibus
1447 2011 1851 2071 reddiderunt
1912 2018 1976 2071 et
2036 2010 2479 2071 commiserunt
2539 2030 2613 2071 ac
2688 2010 3068 2089 reliquerunt

510 2124 647 2180 tore
695 2120 956 2198 quietaS,
1020 2117 1344 2198 expeditas
1408 2125 1595 2196 atque
1644 2118 1941 2196 pacificas
2006 2126 2068 2177 et
2115 2118 2316 2179 modis
2383 2118 2670 2177 omnibus
2735 2117 3072 2177 absolutas,

518 2228 774 2306 insuper
820 2226 1044 2304 prefati
1089 2226 1436 2306 Gregorius
1484 2234 1548 2285 et
1592 2226 1827 2285 Paulus
1874 2225 1981 2285 filii
2027 2226 2318 2286 Damiani
2349 2225 2579 2287 ibidem
2609 2226 2878 2286 confessi
2926 2234 3073 2286 sunt

513 2342 736 2413 sponte
787 2353 863 2393 eo
910 2334 1115 2407 mod0,
1164 2335 1331 2411 quod
1391 2332 1513 2411 ipsi
1571 2332 1886 2410 predictos
1946 2332 2108 2393 filios
2165 2352 2276 2393 seu
2341 2340 2603 2411 nepotes
2666 2333 2946 2393 Lectoris
3010 2332 3072 2391 in

511 2441 679 2501 omni
725 2441 1125 2520 possessione
1172 2460 1285 2500 seu
1331 2440 1627 2518 porcione
1674 2440 2174 2518 possessionaria
2221 2460 2336 2501 seu
2381 2441 2664 2501 sessione
2711 2440 3066 2519 campestri,

510 2550 572 2609 in
618 2568 745 2627 qua
791 2548 1013 2626 prefati
1042 2548 1291 2615 ‚Paulus
1341 2555 1404 2607 et
1448 2549 1757 2607 Iohannes
1804 2547 1910 2607 filii
1946 2548 2140 2626 ipsius
2189 2548 2486 2621 LectoriS,
2533 2557 2746 2627 patres
2779 2548 3069 2609 videlicet

508 2656 782 2734 ipsorum
834 2656 1074 2715 Thorne
1123 2665 1185 2714 et
1232 2654 1483 2714 alterius
1554 2655 1797 2714 Thome
1844 2674 1919 2713 ac
1964 2655 2284 2732 Stephani,
2359 2656 2616 2715 eosdem
2664 2656 2724 2715 in
2773 2655 3071 2715 extremis

509 2764 633 2823 vite
682 2782 795 2823 sue
842 2763 1201 2841 temporalis
1250 2762 1605 2821 laborantes
1655 2761 2034 2821 dimisissent
2099 2770 2161 2821 et
2225 2762 2633 2841 reliquissent,
2683 2762 3068 2835 dimiserunt,

509 2871 888 2949 reliquerunt
933 2889 1301 2948 permanere
1349 2878 1411 2929 et
1444 2868 1790 2928 inhabitare
1836 2870 2098 2947 pacifice
2147 2879 2208 2929 et
2240 2870 2466 2949 quiete,
2514 2872 2601 2930 ita
2631 2880 2862 2945 tamen,
2895 2872 3064 2949 quod

510 2979 627 3057 ipsi
675 2978 781 3038 filii
829 2996 942 3037 seu
988 2986 1250 3055 nepotes
1299 2976 1578 3036 Lectoris
1627 2976 1703 3035 de
1754 2995 1877 3035 una
1924 2984 2094 3035 terra
2153 2996 2371 3037 eorum
2435 2977 2670 3053 arabili,
2733 2998 2855 3057 que
2921 2985 3064 3038 ante

515 3095 762 3165 portam
808 3085 1137 3144 domorum
1183 3084 1565 3162 prefatorum
1614 3083 1903 3163 Gregorii
1935 3091 1998 3142 et
2044 3083 2222 3143 Pauli
2269 3084 2534 3143 filiorum
2572 3086 2860 3145 Damiani
2891 3085 3066 3159 foret,

513 3212 700 3252 unam
751 3191 1204 3252 dimensionem
1252 3192 1462 3269 wulgo
1496 3191 1665 3250 meth
1699 3190 1945 3263 dictam,
1997 3209 2108 3268 pro
2142 3191 2356 3269 spacio
2404 3211 2515 3251 seu
2548 3193 2686 3252 loco
2716 3194 3072 3271 platearum

516 3300 755 3360 eisdem
801 3298 1109 3379 Gregorio
1158 3306 1219 3358 et
1267 3298 1463 3357 Paulo
1513 3306 1574 3356 et
1622 3316 1841 3357 eorum
1885 3297 2224 3357 heredibus
2270 3298 2640 3359 dimiserunt
2701 3300 2963 3360 liberam
3010 3307 3074 3359 et

518 3406 885 3479 absolutam,
935 3412 1212 3464 ceterum
1261 3404 1541 3464 annotati
1587 3404 1933 3482 Gregorius
1983 3413 2044 3465 et
2077 3405 2309 3465 Paulus
2337 3405 2444 3465 filii
2481 3406 2769 3466 Damiani
2802 3405 3071 3467 confessi

516 3521 660 3572 sunt
704 3512 768 3571 in
814 3512 980 3571 hunc
1028 3512 1301 3585 modum,
1347 3519 1415 3570 ut
1463 3510 1816 3589 ubicunque
1864 3511 2034 3589 ipsos
2061 3511 2122 3570 in
2154 3511 2345 3586 silviS,
2392 3514 2586 3591 pratis
2622 3532 2733 3573 seu
2765 3512 3070 3588 fenilibuS,

514 3620 866 3699 incipiendo
914 3638 952 3679 a
997 3619 1357 3679 Lokawech
1406 3618 1636 3698 aliquid
1684 3636 2080 3693 concernere,
2115 3626 2400 3698 spectare
2437 3628 2499 3679 et
2532 3622 2896 3701 contingere
2927 3621 3070 3681 iuri-

513 3728 650 3788 dice
699 3728 1032 3802 videretur,
1081 3726 1359 3804 exceptis
1426 3735 1637 3785 tamen
1697 3725 1877 3785 terris
1942 3726 2280 3786 arabilibus
2343 3728 2800 3806 campestribus
2859 3728 2945 3788 ibi
3009 3729 3072 3788 in

514 3835 791 3914 quolibet
837 3834 993 3908 loco,
1041 3834 1222 3894 dictis
1250 3834 1390 3893 filiis
1424 3852 1536 3893 seu
1571 3833 1901 3911 nepotibus
1934 3834 2214 3894 Lectoris
2244 3842 2533 3912 quartam
2561 3844 2803 3913 partem
2835 3845 3073 3896 rectam

512 3952 574 4003 et
621 3943 909 4021 equalem
958 3950 1133 4001 extra
1180 3941 1458 4019 recipere
1506 3942 1738 4001 habere
1788 3950 1851 4000 et
1895 3941 2222 4019 possidere
2255 3942 2562 4002 dederunt
2594 3962 2865 4004 unacum
2893 3944 3071 4004 here-

512 4050 696 4109 dibus
745 4050 1088 4109 eorundem
1134 4048 1401 4109 filiorum
1447 4048 1745 4123 LectoriS,
1792 4049 1912 4107 hoc
1960 4067 2276 4126 expressQ
2335 4051 2504 4129 quod
2550 4051 3071 4129 quandocumque

514 4156 673 4215 inter
718 4156 889 4234 ipsas
936 4163 1149 4234 partes
1198 4156 1408 4233 aliqua
1455 4155 1677 4215 divisio
1725 4156 1787 4214 in
1834 4156 2338 4233 possessionibus
2387 4156 2667 4217 evenerit
2727 4178 2842 4217 seu
2903 4161 3072 4218 tacta

510 4263 711 4337 suerit,
759 4272 907 4322 tunc
954 4281 1204 4342 semper
1248 4262 1510 4341 predicti
1555 4263 1662 4322 filii
1696 4281 1808 4321 seu
1857 4270 2122 4341 nepotes
2178 4264 2456 4323 Lectoris
2491 4271 2599 4323 aut
2654 4264 2930 4342 ipsorum
2961 4266 3068 4324 he-

510 4372 711 4445 redeS,
780 4370 1151 4450 iobagiones
1198 4370 1601 4432 divisionales
1654 4371 1931 4430 habeant
2002 4370 2293 4449 expedire
2342 4380 2405 4431 et
2449 4374 2798 4450 persolutos
2863 4372 3070 4433 facere

509 4478 661 4558 ipsis
731 4478 860 4538 suis
920 4477 1239 4539 laboribus
1288 4486 1350 4538 et
1396 4477 1701 4556 expensis,
1751 4478 2246 4557 Assumpserunt
2290 4478 2724 4540 nichilominus
2770 4481 3073 4560 premisse

510 4594 724 4663 partes
770 4584 1117 4662 predictam
1163 4593 1444 4645 mutuam
1492 4584 1979 4663 expedicionem,
2027 4585 2442 4659 concordiam,
2490 4586 2782 4647 unionem
2817 4598 2877 4648 et
2906 4608 3071 4649 com-

508 4692 896 4769 posicionem
922 4692 1081 4752 inter
1104 4682 1173 4752 se
1198 4694 1456 4753 firmiter
1482 4702 1545 4753 et
1567 4692 2004 4753 inviolabiliter
2027 4692 2088 4752 in
2116 4712 2280 4752 ewm
2304 4694 2674 4769 observare3
2702 4714 3072 4774 quecunque

514 4807 725 4859 autem
774 4818 920 4878 pars
955 4808 1173 4860 contra
1204 4801 1462 4860 alteram
1512 4810 1753 4879 partem
1802 4800 1861 4859 in
1909 4800 2230 4879 premissis
2277 4820 2398 4860 non
2448 4790 2844 4879 persistendo
2887 4803 3074 4877 litem,

513 4906 909 4985 questionem
976 4915 1084 4965 aut
1129 4907 1647 4985 inquietacionem
1720 4908 1990 4986 aliquam
2055 4908 2118 4967 in
2172 4909 2398 4983 verbis,
2470 4910 2657 4969 armis
2719 4930 2833 4971 seu
2894 4910 3075 4970 factis
