3917 5592
819 406 904 485 82

2027 637 2173 707 81.

1027 857 1212 916 Anno
1268 854 1452 917 1366.
1503 854 1604 917 23.
1657 857 1819 917 maii.
1868 859 2240 938 Zagrabiae.

816 1068 1070 1132 Petrus
1096 1067 1634 1133 archidiaconus
1665 1068 2182 1153 Zagrabiensis,
2227 1051 2543 1135 vicarius
2565 1073 2922 1156 generalis
2952 1074 3385 1158 episcopatus

815 1174 1330 1259 Zagrabiensis,
1400 1175 1482 1239 de
1534 1175 1967 1260 fundatione
2012 1178 2331 1242 ecclesiae
2397 1198 2450 1242 s.
2504 1178 2750 1243 Clarae
2813 1180 2889 1244 in
2952 1180 3384 1263 possessione

821 1281 1064 1367 Chehy,
1135 1283 1213 1347 in
1281 1282 1539 1366 Campo
1597 1283 2059 1367 Zagrabz'ensi
2120 1290 2250 1369 per
2294 1285 2582 1350 Petrum
2640 1286 2887 1371 filium
2934 1286 3240 1352 Martini
3302 1288 3383 1352 de
3466 1358 3477 1365 ,

1210 1390 1536 1454 Rakonok
1565 1378 1787 1475 sacta,
1831 1392 2317 1477 privilegiales
2362 1394 2607 1459 literas
2654 1396 2970 1461 concedit.

965 1626 974 1635 ·
1025 1610 1158 1668 Nos
1223 1610 1447 1669 Petrus
1520 1609 1999 1670 archidiaconus
2048 1611 2311 1671 ecclesie
2381 1613 2827 1692 Zagrabiensis
2878 1614 3249 1673 venerabilis
3316 1613 3378 1673 in

811 1715 1064 1775 Christo
1132 1716 1328 1794 patris
1377 1724 1440 1775 et
1485 1716 1720 1777 domini
1789 1716 2023 1777 domini
2085 1719 2389 1797 Stephani
2458 1720 2559 1779 dei
2622 1728 2685 1779 et
2748 1720 3093 1799 apostolica
3161 1724 3377 1802 gracia

809 1823 1088 1901 episcopi
1163 1823 1427 1884 ecclesie
1499 1823 1782 1883 eiusdem
1853 1824 2123 1885 vicarius
2189 1826 2251 1885 in
2314 1826 2735 1905 spiritualibus
2807 1835 2869 1887 et
2935 1830 3383 1907 temporalibus

811 1931 1144 2012 generaIiS,
1215 1930 1646 2011 significamus
1716 1941 1931 1993 tenore
1980 1933 2393 2011 presencium,
2464 1934 2689 2014 quibus
2738 1936 2989 2013 expedit
3052 1937 3377 2013 universis,

809 2038 979 2116 quod
1049 2040 1359 2099 accedens
1409 2040 1489 2099 ad
1537 2047 1815 2100 nostram
1885 2041 2279 2119 presenciam
2327 2041 2421 2101 vir
2478 2042 2717 2117 nobilis,
2787 2044 3092 2123 magister
3152 2046 3376 2105 Petrus

807 2145 971 2206 filius
1016 2146 1276 2206 Martini
1325 2148 1403 2207 de
1450 2148 1774 2222 Rakonok,
1845 2148 2113 2208 diocesis
2161 2149 2606 2229 Zagrabiensis
2655 2150 2957 2228 exposuit,
3026 2152 3195 2230 quod
3242 2151 3376 2231 ipse

809 2252 871 2313 in
942 2249 1246 2333 quodam¹
1310 2254 1712 2332 possessione
1783 2274 1899 2315 sua
1966 2254 2191 2333 Chehy
2238 2265 2480 2331 vocata,
2552 2258 2713 2317 vltra
2767 2257 3027 2317 fluuium
3096 2260 3269 2319 Zaue
3318 2260 3379 2319 in

810 2359 1057 2439 Campo
1115 2361 1530 2442 Zagrabiensi
1577 2362 1809 2436 habita,
1882 2362 1943 2420 in
1991 2362 2156 2422 dicto
2229 2364 2739 2423 archidiaconatu
2787 2374 2999 2424 nostro
3032 2344 3037 2353 ⁶
3072 2364 3377 2441 existenti,

810 2468 1159 2546 cappellam
1204 2468 1481 2549 ligneam
1513 2469 1576 2529 in
1609 2469 1746 2528 loco
1793 2488 1908 2547 pro
1956 2470 2181 2529 diuinis
2231 2471 2595 2531 exercendis
2640 2470 2790 2531 inibi
2838 2491 3136 2551 congruo,
3167 2472 3379 2533 votiue

811 2576 1088 2637 construi
1155 2576 1410 2637 fecisset
1459 2585 1520 2637 et
1565 2576 1906 2653 hedificari,
1979 2597 2270 2638 asserens
2319 2587 2383 2637 et
2429 2598 2765 2657 exponenS,
2837 2581 3004 2658 quod
3058 2581 3271 2658 populi
3316 2582 3377 2641 in

808 2684 1034 2743 eadem
1083 2682 1439 2759 existenteS,
1507 2683 1652 2744 licet
1701 2683 2036 2765 aliquando
2085 2686 2165 2745 ad
2214 2685 2547 2746 ecclesiam
2593 2687 2790 2745 sancti
2848 2685 3080 2747 Emrici
3127 2704 3377 2766 proces-

808 2791 1111 2852 sionalem
1182 2791 1261 2852 de
1312 2790 1648 2871 Zagrabia‚
1723 2801 1786 2852 et
1855 2792 2237 2874 aliquamdiu
2301 2794 2382 2853 ad
2448 2793 2778 2853 ecclesiam
2848 2794 3048 2854 sancti
3118 2795 3380 2875 Georgii

807 2899 1076 2959 martiris
1123 2900 1202 2959 de
1246 2899 1439 2973 Odra‚
1486 2919 1600 2978 per
1632 2900 1912 2960 eiusdem
1960 2901 2173 2979 populi
2220 2900 2644 2961 variacionem
2678 2910 2741 2961 et
2766 2909 3120 2981 temporum
3166 2904 3378 2964 incon-

807 3006 1161 3087 gruitatem,
1209 3007 1562 3083 veniebant,
1611 3028 1688 3068 ex
1722 3028 1797 3069 eo
1832 3008 2033 3068 eciam
2081 3008 2228 3088 quia
2274 3009 2630 3087 supradicte
2672 3010 2935 3070 ecclesie
2983 3012 3374 3089 parochiales

806 3134 845 3173 a
875 3114 1104 3193 populo
1138 3116 1418 3193 predicto
1451 3123 1515 3175 et
1543 3116 1945 3195 possessione
1994 3116 2218 3196 Chehy
2251 3118 2314 3177 in
2344 3138 2581 3199 magna
2628 3118 2934 3179 distancia
2965 3119 3378 3196 habebantur,

803 3222 1014 3301 itaque
1073 3222 1262 3281 iidem
1336 3223 1547 3301 populi
1595 3224 1674 3285 de
1724 3223 1948 3301 Chehy
2021 3224 2356 3303 aliquando
2421 3245 2497 3286 ex
2562 3244 2868 3304 aquarum
2939 3226 3371 3302 inundacione,

807 3330 1140 3409 aliquando
1190 3349 1266 3390 ex
1312 3330 1615 3410 frigorum
1665 3332 2058 3407 indensitate,
2125 3352 2266 3392 raro
2312 3333 2415 3393 vel
2464 3352 2739 3413 vnquam
2788 3335 2868 3394 ad
2918 3335 3249 3396 ecclesiam
3297 3338 3377 3397 ad

806 3436 1186 3497 audiendum
1235 3445 1297 3497 et
1342 3438 1842 3517 participandum
1889 3438 2103 3499 diuina
2161 3441 2463 3501 accedere
2511 3449 2801 3519 poterant
2847 3443 3203 3518 comodose,
3270 3464 3368 3504 sa-

807 3545 1028 3605 cerdos
1092 3544 1311 3620 eciam,
1382 3546 1489 3625 qui
1538 3546 1629 3606 eis
1701 3548 1802 3607 uel
1865 3566 2082 3607 eorum
2153 3549 2625 3609 kathecumenis
2674 3558 2782 3609 aut
2852 3550 3052 3611 eciam
3118 3551 3374 3611 infirmis

809 3651 1021 3713 diuina
1069 3652 1504 3729 aministraret,
1552 3662 1805 3733 propter
1835 3654 2209 3715 distanciam
2255 3657 2511 3736 longam
2545 3664 2609 3716 et
2640 3676 2939 3737 magnam
2988 3660 3069 3719 ad
3090 3642 3371 3723 ’eosdem

809 3760 1110 3820 accedere
1181 3779 1306 3819 non
1351 3762 1622 3837 valebat,
1695 3782 1770 3822 ex
1819 3781 1944 3841 quo
2009 3783 2200 3841 quam
2266 3764 2475 3842 plures
2546 3765 2791 3841 paruuli
2837 3784 2950 3825 seu
3017 3766 3193 3844 pueri
3241 3766 3375 3827 sine

803 3874 1198 3927 sacramento
1267 3867 1578 3946 baptismi,
1649 3871 1926 3930 nonnulli
1976 3871 2174 3930 eciam
2244 3870 2471 3930 infirmi
2540 3872 2778 3951 absque
2850 3873 3243 3935 confessione
3314 3883 3376 3948 et

802 3974 1239 4036 communione
1287 3975 1567 4054 corporis
1615 3975 1847 4036 Christi
1896 3986 1958 4038 et
2006 3978 2139 4038 sine
2188 3978 2489 4039 vnccione
2538 3999 2719 4041 sacra
2767 3981 3175 4057 decedebant,
3223 4001 3367 4061 sup·

802 4084 1042 4162 plicans
1091 4082 1270 4143 nobis
1317 4084 1629 4143 humiliter
1677 4092 1740 4144 et
1786 4086 2032 4160 deuote,
2089 4095 2400 4165 quatenus
2448 4087 2566 4147 sibi
2614 4096 2677 4148 et
2723 4088 2902 4148 dictis
2950 4088 3079 4149 suis
3124 4090 3370 4168 populis

803 4192 881 4251 de
930 4189 1154 4266 Chehy
1204 4210 1394 4269 super
1440 4191 1760 4269 premissis
1809 4194 1888 4253 de
1937 4194 2214 4253 remedio
2260 4194 2621 4273 prouideret
2653 4203 2977 4275 oportune,
3027 4204 3094 4255 vt
3141 4197 3369 4257 dictam

801 4299 1149 4377 cappellam
1197 4299 1554 4359 consecrari
1586 4308 1648 4359 et
1679 4300 1957 4360 dedicari
2003 4300 2212 4361 facere
2247 4321 2321 4361 ac
2354 4302 2723 4362 cimiterium
2772 4303 2975 4363 eidem
3024 4305 3369 4364 concedere

798 4424 911 4484 pro
958 4406 1340 4466 tumulandis
1389 4407 1755 4485 corporibus
1825 4417 2211 4468 mortuorum
2262 4429 2337 4469 ac
2386 4410 2591 4470 eidem
2662 4412 2942 4488 cappelle
3007 4411 3370 4490 parochiam

799 4532 1145 4593 congruam
1179 4522 1241 4575 et
1273 4522 1710 4593 conpetentem
1757 4516 2039 4591 limitare,
2074 4518 2437 4591 concedere,
2486 4517 2549 4577 in
2579 4519 2970 4597 eandemque
3019 4520 3366 4598 cappellam

797 4620 1207 4695 sacerdotem,
1256 4641 1444 4699 quem
1488 4623 1673 4681 vellet
1721 4642 2151 4701 assumpmere
2186 4633 2249 4683 et
2277 4624 2337 4684 in
2373 4626 2597 4684 eadem
2645 4644 3038 4701 conseruare,
3089 4644 3365 4685 annuere

795 4728 1217 4808 dignaremur.
1265 4728 1500 4787 Verum
1548 4728 1696 4807 quia
1741 4730 2025 4788 volentes
2072 4749 2188 4789 nos
2236 4731 2315 4789 de
2364 4730 2855 4791 circumstanciis
2904 4740 2965 4791 et
3012 4738 3177 4791 statu
3225 4750 3364 4810 pre-

794 4835 1130 4895 missorum
1179 4835 1420 4896 cercius
1470 4834 1752 4913 experiri,
1802 4856 1880 4896 ne
1931 4838 2114 4897 alicui
2160 4839 2580 4916 predictarum
2630 4840 3035 4899 ecclesiarum
3082 4840 3364 4918 parochi-

795 4941 982 5015 alium
1027 4942 1091 5003 in
1135 4943 1542 5035 preiudicium
1573 4944 1635 5003 in
1666 4944 1785 5004 hac
1829 4954 2008 5034 parte
2041 4956 2393 5040 generetur,
2443 4947 2955 5019 commiseramus
3004 4947 3355 5039 honorabili
