3917 5592
774 470 897 537 196

766 687 1031 768 propriis
1078 686 1207 757 suis
1254 683 1571 744 laboribus
1620 692 1681 743 et
1743 681 2053 760 expensis.
2117 682 2186 740 In
2249 681 2424 740 cuius
2488 679 2577 738 rei
2645 678 3011 738 memoriam
3074 676 3326 736 firmita-

765 806 1017 875 temque
1081 800 1466 872 perpetuam,
1532 790 1925 870 presentibus
1993 788 2198 868 sigilla
2263 796 2478 847 nostra
2543 786 2830 845 duximus
2897 784 3329 863 appendenda.

766 904 1000 963 Datum
1030 899 1361 981 Zagrabie,
1408 906 1633 958 octavo
1688 896 1788 956 die
1815 895 1958 955 festi
2011 895 2522 973 Epiphanyarum
2556 892 2804 966 domini,
2855 911 3018 952 anno
3051 892 3330 952 eiusdem

766 1008 1091 1069 millesimo
1139 1003 1760 1085 quadringentesimo
1807 1002 2117 1082 vigesimo
2165 1000 2397 1080 quinto,

982 1164 1265 1235 Originale
1306 1164 1750 1217 membraneum.
1799 1160 2140 1230 Appendent
2188 1160 2375 1215 solum
2427 1159 2574 1214 duae
2626 1174 2804 1213 zonae
2857 1158 3094 1227 sericae,
3147 1157 3332 1227 prima

765 1256 935 1319 rubri,
975 1256 1153 1309 altera
1190 1254 1432 1309 violacei
1471 1251 1695 1321 coloris,
1734 1251 1919 1320 sigilla
1956 1251 2262 1320 perierunt.
2301 1251 2358 1304 Ir
2401 1250 2571 1304 dorso
2599 1248 3000 1304 annotationes
3029 1247 3328 1302 recentiori

768 1362 940 1400 manu
980 1345 1252 1413 scriptae:
1292 1344 1623 1413 „Baithasar
1662 1340 1870 1395 Mixich
1899 1342 2291 1395 castellanus“.
2333 1340 2494 1410 Apud
2531 1339 2780 1394 nobilem
2803 1339 3051 1393 Marcum
3073 1339 3329 1392 Arbanas

767 1436 828 1489 in
866 1434 1027 1489 Infer.
1064 1432 1338 1488 Lomnica
1374 1432 1477 1487 No.
1516 1432 1601 1485 29.

988 1614 1003 1643 ¹
1040 1613 1208 1681 Haec,
1245 1610 1634 1679 et'sequentia
1672 1566 1898 1664 curniso
1938 1609 2260 1663 charactere
2291 1590 2583 1677 expressa,
2622 1608 2682 1660 in
2735 1606 2993 1675 originali
3031 1605 3330 1660 recentiori

764 1720 938 1758 manu
975 1703 1202 1772 alioque
1255 1704 1612 1757 attramento.
1665 1716 1909 1769 quocum
1958 1702 2141 1753 totum
2192 1698 2598 1752 documentum
2652 1697 3024 1767 perscriptum
3078 1700 3314 1765 apparet

768 1792 999 1863 scalptis
1036 1791 1385 1862 primigeniis
1423 1790 1698 1851 terminia,
1738 1788 1946 1858 scripta
1989 1789 2222 1841 elucent.

1950 2070 2162 2142 20³.

983 2294 1125 2352 Ano
1180 2290 1365 2352 1425.
1422 2290 1517 2350 12.
1564 2292 1939 2381 novembris.

776 2505 1030 2571 Coram
1079 2503 1494 2568 Balthasare
1539 2502 1961 2570 castellanno
2026 2500 2109 2565 de
2169 2500 2581 2565 Medwewar
2638 2500 3014 2584 comiteque
3086 2498 3334 2582 Campi

768 2610 1265 2697 Zagrabiensis
1308 2631 1390 2674 ac
1447 2608 1738 2674 Nicolao
1799 2608 1882 2673 de
1950 2606 2186 2673 Mlaka
2255 2607 2486 2671 iudice
2554 2606 2897 2671 nobilium
2961 2607 3336 2671 comitatus

774 2718 1294 2805 Zagrabiensi&
1366 2716 1757 2801 Stephanus
1813 2715 2023 2801 filius
2094 2714 2272 2779 Pedk
2317 2735 2540 2779 comes
2598 2715 2953 2779 terrestris
3027 2714 3336 2779 eiusdem

790 2827 1057 2911 Campi,
1106 2846 1409 2891 unacum
1480 2825 1846 2890 nonnullis
1909 2825 2328 2889 nominatim
2374 2824 2715 2908 expressis
2760 2821 3106 2887 nobilibus
3165 2825 3336 2887 cast-

772 2933 1109 3011 rensibus,
1158 2933 1461 2997 Paulum
1510 2953 1850 3017 magnum
1896 2931 1979 2996 de
2027 2930 2442 3015 Lomnycha‚
2473 2932 2552 2995 in
2583 2932 2896 3015 fratrem
2927 2930 3333 3015 adoptivum

770 3045 1147 3106 assumunt
1193 3041 1466 3126 ipsique
1510 3043 1833 3125 quartam
1875 3043 2151 3124 partem
2223 3039 2741 3123 possessionum
2813 3039 2892 3103 in
2940 3037 3335 3122 Lomnycha

1912 3146 2194 3212 donant.

987 3347 1120 3405 Nos
1167 3346 1499 3406 Baithasar
1546 3344 1923 3404 castellanus
1956 3344 2144 3403 castri
2191 3344 2579 3404 Medwewar
2627 3343 2832 3404 vocati
2864 3364 3077 3404 comes
3109 3344 3336 3423 Campi

774 3451 1219 3531 Zagrabiensis
1275 3472 1350 3512 ac
1414 3452 1712 3511 Nicolaus
1780 3450 1944 3510 filius
2016 3450 2275 3530 Georgii
2347 3452 2425 3511 de
2494 3452 2712 3511 Mlaka
2782 3450 2968 3511 iudex
3038 3452 3336 3513 nobilium

775 3559 1105 3619 comitatus
1174 3559 1620 3640 Zagrabiensis
1690 3558 1990 3618 memorie
2061 3561 2572 3619 commendamus
2654 3567 2870 3620 tenore
2940 3561 3334 3638 presencium

775 3667 1201 3746 significamus
1264 3666 1487 3745 quibus
1558 3665 1807 3743 expedit
1876 3666 2203 3741 universiS‚
2273 3668 2440 3745 quod
2509 3667 2864 3745 Stephanus
2913 3668 3074 3727 filius
3142 3668 3336 3741 Pedk,

776 3794 987 3833 comes
1034 3774 1345 3834 terrestris
1393 3774 1730 3833 modernus
1776 3772 1974 3851 ipsius
2022 3772 2248 3851 Campi
2279 3773 2728 3853 Zagrabiensis
2761 3781 2826 3833 et
2855 3774 3132 3833 Thomas
3169 3773 3332 3833 filius

774 3881 1144 3941 Ztanethich
1193 3882 1271 3941 de
1318 3881 1674 3940 Lokawech
1725 3900 1797 3939 ac
1844 3880 2166 3958 Philippus
2213 3879 2374 3940 filius
2421 3880 2606 3955 Petri,
2655 3888 2717 3939 et
2762 3881 3140 3941 Benedictus
3173 3880 3336 3941 filius

775 3989 1027 4048 alterius
1097 3987 1373 4067 Georgii,
1447 4007 1691 4048 necnon
1740 3988 1895 4047 alter
1953 3987 2331 4048 Benedictus
2395 3987 2557 4046 filius
2621 3987 2862 4047 Nicolai
2925 3996 2987 4047 et
3047 3988 3336 4046 Vrbanus

772 4096 935 4156 filius
981 4096 1242 4172 Mathey
1290 4096 1557 4156 condam
1621 4094 1930 4155 terrestris
1995 4094 2237 4154 comitis
2297 4095 2374 4153 de
2444 4094 2806 4167 Lomnicha,
2867 4093 3108 4153 nobiles
3174 4103 3334 4154 cast-

777 4224 1009 4277 renseS,
1057 4204 1119 4262 in
1167 4203 1444 4281 ipsorum
1493 4211 1556 4263 et
1618 4203 2052 4262 universorum
2113 4202 2389 4276 fratrum,
2437 4202 2721 4277 filiorum,
2784 4203 3207 4279 proximorum
3275 4212 3338 4262 et

778 4310 1195 4391 quorumlibet
1242 4310 1678 4390 generacionis
1725 4310 2002 4388 ipsorum
2049 4309 2388 4383 hominum,
2436 4329 2593 4388 quos
2640 4309 3102 4387 infrascriptum
3133 4309 3336 4389 tangit

775 4418 1127 4498 negocium,
1176 4437 1371 4477 onera
1417 4427 1479 4477 et
1526 4417 1897 4498 gravamina
1946 4418 2306 4491 eorundem,
2377 4416 2428 4475 si
2499 4417 2617 4503 ipsi
2687 4416 2748 4475 in
2797 4417 3342 4493 infradeclarando⁴

772 4524 1039 4603 negocio
1086 4525 1420 4602 persistere
1466 4526 1717 4597 nollent,
1766 4544 1954 4602 super
2002 4544 2070 4584 se
2119 4524 2288 4601 ipsos
2337 4526 2718 4584 assumendo
2767 4532 2989 4602 sponte
3051 4525 3129 4583 ab
3192 4543 3336 4598 una,

772 4632 920 4692 item
967 4633 1199 4692 Paulus
1247 4652 1516 4711 magnus
1564 4632 1725 4691 filius
1774 4632 2017 4691 Nicolai
2064 4633 2142 4691 de
2193 4632 2417 4691 eadem
2465 4632 2847 4709 Lomnycha,
2897 4631 3118 4692 nobilis
3169 4632 3333 4691 simi-

773 4740 910 4799 liter
957 4740 1311 4811 castrensiS,
1359 4740 1547 4799 modo
1596 4738 1777 4798 simili
1824 4739 1885 4797 in
1934 4758 2052 4798 sua
2115 4747 2176 4798 et
2223 4738 2654 4798 universorum
2718 4738 3006 4815 filiorum,
3071 4735 3336 4800 fratrum

775 4855 837 4906 et
882 4846 1305 4925 proximorum
1354 4854 1416 4905 et
1462 4846 2052 4925 consagwineorum
2099 4865 2354 4904 suorum
2400 4847 2702 4923 personiS,
2759 4866 2955 4906 onera
3001 4853 3063 4906 et
3108 4865 3335 4926 grava—

774 4954 943 5014 mina
990 4956 1331 5014 eorundem
1379 4954 1777 5013 consimiliter
1824 4962 2046 5032 sponte
2092 4954 2156 5012 in
2204 4972 2273 5013 se
2323 4956 2700 5014 assumendo
2761 4964 2940 5034 parte
2999 4975 3076 5015 ex
3125 4955 3337 5029 altera,
