3917 5592
3048 418 3165 480 311

623 632 898 691 sericium
950 630 1374 709 significamus
1423 632 1646 710 quibus
1694 632 1944 711 expedit
1991 632 2315 705 universiS‚
2378 634 2545 711 quod
2606 652 2721 693 nos
2770 633 3175 693 consideratis

621 740 904 799 fidelibus
953 749 1016 800 et
1061 740 1348 820 gratuitis
1381 740 1659 799 serviciis
1695 742 2161 818 eorundemque
2194 740 2447 815 meritiS,
2480 740 2705 818 quibus
2732 742 2933 801 fidelis
2966 752 3177 802 noster

620 846 844 905 Marko
893 847 1157 907 Greiber
1202 854 1484 917 vocatuS,
1533 866 1602 906 se
1633 846 1813 906 nobis
1845 847 2159 907 indefesse
2192 854 2445 927 gratum
2470 855 2534 907 et
2559 856 2885 927 acceptum
2913 851 3175 909 reddere

618 955 852 1013 studuit
899 964 962 1015 et
1008 957 1260 1015 anhelat
1328 956 1390 1013 in
1458 955 1748 1029 futurum,
1821 957 2101 1016 volentes
2172 956 2381 1033 itaque
2444 956 2890 1035 premissorum
2952 958 3173 1017 intuitu

621 1062 822 1121 eidem
872 1063 1090 1122 Marco
1137 1062 1428 1142 gracioso
1475 1082 1733 1122 munere
1791 1063 2065 1136 obviare,
2129 1062 2245 1123 sibi
2310 1081 2419 1122 sex
2467 1082 2725 1123 mansus
2768 1073 3013 1125 nostros
3062 1084 3174 1125 seu

620 1169 934 1229 sessiones
967 1170 1397 1249 iobagionales
1437 1170 1503 1229 in
1545 1170 1942 1248 possessione
1970 1169 2189 1230 Chehe
2214 1178 2457 1243 vocata,
2491 1171 2607 1229 sub
2640 1180 2907 1250 spanatu
2956 1180 3174 1231 nostro

620 1276 678 1334 in
728 1272 1110 1357 Stoppnikg¹
1156 1278 1458 1337 existente
1506 1277 1770 1349 habitaS,
1819 1296 2084 1355 quorum
2134 1278 2256 1336 duo
2304 1278 2551 1353 deserti,
2598 1277 2662 1337 in
2715 1280 2965 1359 reliquis
3023 1299 3173 1339 vero

619 1392 884 1462 quatuor
930 1384 1356 1444 mansionibus
1405 1404 1529 1444 uno
1577 1384 1798 1444 Petrus
1846 1384 2109 1458 Yletich,
2158 1385 2352 1444 altero
2400 1404 2552 1444 vero
2600 1386 2831 1445 Paulus
2886 1388 3173 1447 Banzan-

622 1492 886 1566 kowich,
911 1492 1127 1553 ·tercio
1190 1500 1401 1553 autem
1465 1492 1718 1571 quidam
1781 1492 2097 1572 Georgius
2164 1500 2227 1551 et
2289 1501 2511 1571 quarto
2556 1494 2924 1571 Zamahyna
2970 1496 3175 1555 vocati

619 1599 892 1661 residere
927 1608 1306 1675 asseruntur,
1339 1620 1609 1660 unacum
1641 1600 1914 1679 ipsorum
1947 1599 2265 1673 fructibus,
2299 1600 2662 1660 utilitatibus
2692 1609 2754 1661 et
2780 1602 3175 1681 pertinenciis

619 1706 944 1781 universis,
1013 1708 1234 1786 quovis
1297 1708 1562 1767 nominis
1624 1708 1931 1767 vocabulo
1996 1706 2283 1775 vocitatis
2346 1708 2647 1781 dedimuS,
2697 1710 3067 1769 donavimus
3115 1718 3178 1770 et

619 1815 1006 1888 contulimuS,
1053 1834 1201 1891 ymo
1248 1816 1488 1889 damus,
1536 1816 1842 1875 donamus
1890 1822 1952 1874 et
2000 1813 2374 1874 conferimus
2437 1834 2549 1894 per
2602 1816 2807 1893 ipsum
2853 1818 3177 1877 dumtaxat

617 1941 815 2000 usque
867 1922 988 1982 vite
1036 1941 1148 1982 sue
1194 1922 1555 2001 temporalis
1616 1898 1912 1982 occasum
1973 1922 2407 1999 possidendOS,
2469 1923 2775 1983 tenendos
2837 1925 3069 2003 pariter
3116 1933 3177 1983 et

620 2030 960 2103 habendos,
1006 2030 1231 2090 harum
1277 2037 1628 2089 nostrarum
1661 2030 1776 2088 sub
1810 2028 2035 2088 secreti
2066 2022 2292 2088 nostri²
2336 2048 2461 2107 quo
2494 2031 2905 2091 communiter
2949 2032 3178 2091 utimur

624 2136 1006 2215 appensione
1031 2137 1426 2210 munitarum,
1450 2136 1669 2215 vigore
1697 2143 1759 2194 et
1788 2134 2143 2194 testimonio
2176 2134 2517 2195 litterarum
2550 2143 2919 2197 nostrarum.
2944 2138 3176 2198 Datum

620 2242 681 2302 in
729 2244 948 2304 Khorn
994 2244 1383 2323 Newnburg‚
1427 2243 1582 2303 feria
1629 2252 1852 2321 quarta
1898 2242 2182 2321 proxima
2216 2250 2359 2302 ante
2391 2242 2619 2302 festum
2653 2244 2819 2305 beati
2851 2246 3176 2306 Michaelis

621 2352 1000 2431 archangeli,
1065 2370 1230 2410 anno
1290 2352 1350 2409 d<
1373 2351 1522 2411 mini
1586 2350 1912 2410 millesimo
1980 2349 2596 2429 quadringentesimo
2657 2351 3176 2433 quinquagesimo

618 2458 828 2519 tercio·

635 2629 646 2634 ·
836 2599 1116 2669 originale
1155 2600 1596 2667 membraneum,
1635 2614 1672 2652 a
1707 2597 1880 2666 ligula
1916 2598 2283 2653 membraneo.
2306 2598 2515 2666 pendet
2538 2598 2789 2653 attritum
2815 2597 3075 2666 sigillum.
3114 2600 3173 2652 In

619 2688 853 2744 archivo
889 2686 1406 2758 regni-Humanae,
1445 2685 1836 2757 Budepeetini:
1877 2684 1946 2739 M.
1988 2682 2051 2740 Ο.
2089 2684 2153 2739 D.
2196 2685 2251 2739 1..
2290 2682 2537 2755 meaa,
2559 2685 2696 2740 olim
2734 2684 2799 2740 N.
2836 2686 2901 2740 R.
2939 2685 3001 2741 A.
3039 2686 3176 2741 saec.

620 2776 740 2832 134.
778 2776 882 2833 No.
920 2778 969 2833 2.

841 2940 852 2968 ¹
892 2939 990 2993 sic.
1067 2938 1086 2967 ²
1125 2937 1396 2991 terminus
1436 2934 1665 3003 »sigilli«
1710 2934 1883 2989 deest.

1797 3220 2009 3307 2⁷02

842 3444 1026 3502 Anno
1084 3440 1266 3502 1454.
1325 3439 1417 3500 ll.
1471 3438 1689 3499 martii.
1737 3439 2107 3518 Zagrabiae.

626 3637 876 3703 Coram
925 3635 1246 3699 Emerico
1293 3634 1442 3715 filio
1489 3634 1702 3697 Pauli
1736 3632 1883 3716 filii
1915 3630 2153 3699 Iacobi.
2185 3630 2267 3695 de
2312 3630 2672 3711 Kurilocz,
2719 3631 2966 3695 comite
3014 3635 3173 3695 terr.

630 3745 878 3829 Campi
924 3742 1438 3827 Zagrabiensis,
1521 3739 1837 3804 Vrbanus
1871 3737 2082 3821 filius
2143 3738 2340 3801 Petri
2385 3737 2467 3801 de
2515 3737 2730 3822 Infer.
2784 3738 3183 3817 Lomuicza‚

621 3855 900 3917 vineam
931 3872 1136 3915 suam
1175 3851 1252 3913 in
1288 3849 1847 3931 Kosztanyeuecz
1877 3844 2203 3919 habitam,
2251 3866 2373 3909 sev
2401 3845 2707 3929 florenis
2737 3844 2921 3920 auri,
2965 3842 3185 3921 Gallo,

818 3958 1186 4023 Benedicto
1231 3960 1299 4019 et
1343 3953 1688 4037 Stephano
1724 3952 1914 4036 filiis
1974 3950 2271 4015 Thomae
2322 3951 2675 4035 Kungych,
2723 3950 2977 4015 vendit.

839 4176 972 4234 Nos
1007 4174 1327 4234 Emericus
1365 4173 1522 4232 filius
1573 4170 1751 4229 Pauli
1797 4168 1904 4228 filii
1953 4168 2161 4228 Iacobi
2207 4170 2285 4228 de
2335 4169 2625 4227 Kurilocz
2670 4187 2881 4227 comes
2928 4176 3179 4228 terrest-

621 4284 702 4343 ris
767 4282 992 4361 Campi
1055 4280 1499 4361 Zagrabiensis
1563 4276 1860 4339 memorie
1925 4277 2438 4335 commendamus
2502 4284 2718 4334 tenore
2784 4276 3181 4352 presencium

619 4390 844 4469 quibus
894 4390 1142 4467 expedit
1189 4387 1514 4461 universiS,
1563 4387 1730 4464 quod
1777 4383 2071 4443 Vrbanus
2120 4382 2281 4441 filius
2330 4381 2498 4441 Petri
2545 4382 2624 4440 de
2672 4381 2949 4441 Inferiori
2992 4383 3178 4442 Lorn-

621 4498 818 4572 nicza,
869 4498 949 4557 ad
997 4506 1272 4556 nostram
1321 4494 1731 4573 personaliter
1777 4491 2091 4551 veniendo
2139 4490 2547 4569 presenciam,
2610 4489 2935 4549 confessus
2982 4490 3181 4550 extitit

617 4605 678 4664 in
725 4605 892 4663 hunc
938 4605 1210 4677 modum,
1274 4610 1341 4661 ut
1387 4602 1520 4681 ipse
1584 4602 1899 4680 quandam
1964 4598 2215 4659 vineam
2282 4616 2463 4657 suam
2525 4597 2863 4656 montalem
2927 4598 2987 4656 in
3035 4597 3181 4657 villa

617 4714 1134 4788 Kosztanyevecz
1183 4718 1424 4785 vocata,
1489 4709 1648 4768 inter
1716 4716 1946 4767 terram
2014 4706 2305 4783 amplam,
2367 4704 2655 4763 videlicet
2718 4704 3178 4763 communitatis

617 4818 1040 4879 universitatis
1087 4818 1382 4877 nobilium
1429 4818 1510 4879 de
1559 4816 1837 4894 predicta
1884 4814 2221 4875 Lomnicza
2289 4813 2369 4872 ab
2429 4811 2728 4881 orientali,
2778 4819 2839 4871 et
2886 4811 3044 4870 inter
3090 4811 3174 4869 vi·

615 4944 800 4985 neam
855 4926 1197 5003 plantatam
1231 4922 1482 4982 Antonii
1519 4920 1940 5001 cognominati
1985 4919 2365 4997 Banekoych
2400 4920 2477 4979 de
2512 4918 2789 4997 predicta
2822 4917 3197 4992 Lomnicza..
