3917 5592
3043 454 3174 517 227

628 690 857 745 semuS,
904 671 1157 731 tandem
1206 670 1391 731 iidem
1454 668 1827 749 iobagiones
1872 669 2070 729 nostri
2113 668 2414 749 fidedigni
2459 669 2520 728 in
2569 668 2896 748 quindenis
2957 669 3178 729 exinde

610 778 691 837 ad
738 795 855 836 nos
917 776 1154 836 reversi
1220 784 1282 836 et
1345 794 1458 853 per
1518 794 1637 835 nos
1700 775 2031 855 diligenter
2093 774 2389 853 requisiti,
2437 775 2616 835 nobis
2680 794 2836 834 voce
2900 795 3178 836 consona

611 885 951 944 retulerunt
998 904 1074 943 eo
1126 884 1332 958 mod0,
1384 885 1699 962 quomodo
1746 883 1864 961 ipsi
1910 883 2192 961 predicta
2223 883 2380 944 feria
2427 884 2703 943 secunda
2751 892 2814 943 et
2861 883 2994 944 aliis
3043 884 3173 944 die·

617 993 735 1051 bus
786 992 867 1051 ad
913 991 977 1051 id
1026 991 1187 1069 aptis
1235 999 1297 1051 et
1342 990 1810 1065 sufficientibuS‚
1858 991 1940 1050 ad
1987 989 2182 1050 facies
2246 990 2550 1050 dictarum
2597 990 3064 1069 possessionum
3114 998 3179 1049 et

615 1099 980 1176 porcionum
1028 1097 1664 1176 possessionariarum
1711 1096 2141 1177 litigiosarum,
2190 1097 2408 1157 vicinis
2455 1106 2518 1158 et
2565 1096 3010 1157 commetaneis
3073 1118 3178 1158 ea-

614 1207 879 1265 rundem
928 1206 1238 1265 universis
1284 1205 1434 1265 inibi
1465 1204 1770 1285 legittime
1800 1204 2162 1266 convocatis
2211 1214 2275 1265 et
2319 1204 2712 1284 presentibus
2743 1204 3175 1280 accessissent,

610 1314 965 1392 dictamque
1032 1312 1449 1389 medietatem,
1516 1322 1751 1373 rectam
1815 1312 2106 1373 videlicet
2151 1321 2213 1373 et
2260 1315 2543 1393 equalem
2607 1312 2986 1391 prefatarum
3033 1332 3176 1393 pos-

614 1421 965 1481 sessionum
1014 1430 1077 1481 et
1121 1420 1487 1499 porcionum
1510 1419 2191 1499 'possessionariarum,
2239 1421 2410 1480 iuxta
2457 1421 2692 1481 litteras
2739 1420 3067 1480 reverendi
3114 1420 3174 1480 in

610 1528 861 1587 Christo
908 1528 1104 1607 patris
1153 1536 1214 1588 et
1262 1527 1499 1588 domini
1546 1528 1779 1587 domini
1825 1527 2118 1587 Iohannis
2165 1528 2266 1587 dei
2314 1536 2376 1587 et
2423 1528 2762 1607 apostolice
2811 1528 2980 1588 sedis
3027 1548 3174 1608 gra-

604 1635 703 1695 cia
751 1635 1026 1714 episcopi
1074 1636 1340 1696 ecclesie
1385 1635 1831 1716 Zagrabiensis
1880 1654 1955 1695 ac
2005 1636 2166 1695 sacri
2213 1635 2456 1714 imperii
2503 1644 2566 1696 et
2614 1635 2792 1716 regni
2837 1636 3169 1716 Hungarie

606 1744 836 1804 summi
884 1744 1253 1818 cancellarii,
1318 1744 1550 1804 domini
1615 1744 1809 1803 nostri
1856 1744 2191 1821 plurimum
2254 1742 2602 1803 honorandi
2650 1750 2836 1822 atque
2904 1742 3175 1823 graciosi

612 1850 1059 1929 preceptoriaS,
1109 1870 1297 1929 super
1345 1851 1693 1911 statucione
1743 1858 1805 1911 et
1850 1851 2034 1911 metis
2083 1870 2158 1911 ac
2203 1850 2400 1931 signis
2449 1849 2778 1910 metalibus
2841 1850 3174 1930 consigna-

616 1950 795 2017 eione
841 1958 1081 2036 prefate
1130 1958 1361 2018 directe
1411 1966 1474 2017 et
1519 1958 1757 2037 equalis
1815 1958 2168 2018 medietatis
2215 1958 2556 2018 earundem
2601 1958 3070 2037 possessionum
3119 1964 3180 2017 et

612 2064 977 2143 porcionum
1024 2064 1677 2143 possessionariarum,
1726 2064 2074 2125 honorabili
2119 2065 2253 2124 viro
2287 2064 2538 2125 domino
2586 2064 2864 2145 Georgio
2911 2066 2992 2125 de
3037 2065 3176 2124 Mo·

608 2175 877 2247 rowcha,
928 2174 1229 2234 canonico
1261 2175 1538 2253 predicte
1588 2173 1852 2233 ecclesie
1883 2172 2331 2253 Zagrabiensis
2381 2192 2458 2233 ac
2499 2171 2798 2233 Michaeli
2846 2172 2972 2232 filio
3018 2173 3172 2231 Bar-

608 2282 771 2341 nabe
805 2282 882 2341 de
914 2281 1234 2359 Superiori
1267 2282 1663 2359 Lompnicza,
1694 2282 2033 2341 castellano
2059 2280 2254 2360 ipsius
2287 2280 2519 2340 domini
2544 2279 2835 2350 Iohannis
2869 2278 3164 2359 episcopi,

608 2388 921 2466 predictos
968 2389 1225 2448 Petrum
1272 2396 1335 2448 et
1380 2388 1657 2448 Blasium
1704 2388 1767 2448 in
1813 2387 2223 2466 prescriptam
2256 2388 2556 2448 directam
2605 2395 2666 2447 et
2713 2388 2999 2466 equalem
3047 2406 3175 2447 me-

609 2495 904 2555 dietatem
973 2503 1411 2555 annotatarum
1468 2494 1938 2574 possessionum
1989 2504 2052 2555 et
2111 2495 2478 2574 porcionum
2538 2493 3174 2573 possessionariarum

612 2611 975 2677 statuenteS,
1026 2604 1269 2663 executi
1315 2612 1461 2663 sunt
1492 2604 1794 2679 effective,
1842 2612 2028 2682 prout
2074 2603 2136 2663 in
2184 2604 2400 2663 litteris
2438 2604 2778 2663 eorundem
2812 2601 3172 2680 rescripcio-

607 2712 855 2772 nalibus
922 2731 1136 2771 coram
1199 2711 1381 2772 nobis
1428 2712 1490 2771 in
1538 2712 1747 2790 specie
1815 2692 2256 2771 demonstratis
2305 2712 2471 2772 clare
2521 2709 2788 2771 vidimus
2854 2709 3174 2793 contineri,

618 2818 799 2878 simul
828 2838 970 2878 cum
1002 2819 1291 2879 omnibus
1324 2820 1603 2879 eiusdem
1636 2819 1871 2879 directe
1920 2828 1983 2879 et
2029 2819 2267 2897 equalis
2297 2818 2648 2879 medietatis
2681 2819 3168 2897 prescriptarum

610 2926 1081 3003 possessionum
1129 2935 1191 2986 et
1236 2926 1601 3006 porcionum
1662 2925 2319 3005 possessionariarum,
2382 2925 2670 2986 videlicet
2731 2926 3059 3002 Trebesyn
3105 2925 3168 2984 in

610 3033 891 3111 predicta
937 3033 1153 3093 Mlaka
1200 3052 1275 3093 ac
1322 3033 1385 3092 in
1431 3034 1897 3109 Rakythowech
1952 3041 2015 3093 et
2053 3034 2224 3109 aliaS,
2273 3042 2341 3093 ut
2385 3033 2720 3112 predicitur
2749 3033 2951 3093 ubivis
2998 3032 3172 3092 habi-

611 3148 832 3213 tarum,
879 3139 1101 3217 quovis
1130 3139 1395 3200 nominis
1428 3141 1733 3217 vocabulo
1766 3140 2180 3200 vocitatarum
2222 3140 2601 3215 utilitatibus,
2647 3140 2902 3214 iuribuS,
2931 3140 3166 3213 usibuS,

612 3245 1144 3305 fructuositatibus
1193 3254 1257 3305 et
1302 3248 1697 3325 pertinenciis
1732 3248 2058 3322 universiS,
2108 3248 2467 3308 memoratis
2500 3249 2685 3307 Petro
2733 3248 2860 3307 filio
2909 3246 3166 3327 Georgii

616 3371 691 3410 ac
753 3352 962 3411 Blasio
1024 3352 1150 3412 filio
1216 3354 1474 3430 Mathye
1522 3354 1600 3413 de
1647 3363 1978 3434 prenotata
2027 3356 2262 3429 Mlaka,
2308 3356 2370 3414 in
2417 3355 2718 3415 heredum
2780 3355 3046 3414 heredes
3109 3361 3173 3413 et

609 3466 894 3536 posteros
941 3459 1267 3517 universos
1314 3459 1446 3519 iure
1480 3460 1633 3538 ipsis
1666 3461 2062 3537 incumbenti,
2110 3463 2226 3522 sub
2275 3463 2455 3522 metis
2503 3471 2565 3521 et
2612 3462 2809 3541 signis
2838 3461 3168 3521 metalibus

610 3566 1164 3625 infradeclarandis
1228 3567 1590 3627 statuissent
1649 3577 1950 3647 perpetuo
2013 3570 2475 3648 possidendam,
2537 3570 2873 3630 tenendam
2939 3569 3170 3647 pariter

607 3681 669 3732 et
715 3673 1088 3746 habendam,
1136 3673 1383 3733 nemine
1443 3676 1908 3736 contradicente
1955 3696 2074 3737 nec
2123 3678 2328 3756 aliquo
2394 3678 2848 3737 contradictore
2913 3676 3161 3755 penitus

604 3790 963 3858 apparente,
1012 3780 1207 3840 tribus
1256 3780 1475 3841 diebus
1550 3782 1853 3843 continuis
1902 3792 1966 3844 et
2012 3786 2346 3865 legittimis‚
2394 3787 2565 3846 iuxta
2611 3786 2790 3865 regni
2838 3793 3166 3845 consvetu-

602 3886 811 3946 dinem
857 3905 1103 3945 moram
1150 3887 1378 3947 ibidem
1426 3888 1712 3949 faciendo
1759 3893 2170 3969 personalem.
2237 3892 2435 3953 Cuius
2497 3894 2748 3973 quidem
2812 3893 3164 3953 medietatis

608 4002 793 4067 recte,
839 4001 908 4052 ut
953 3993 1259 4070 prefertur
1305 4003 1366 4054 et
1411 3996 1665 4075 equali8‚
1715 3999 2174 4076 sepedictarum
2205 4001 2676 4078 possessionum
2708 4009 2770 4061 et
2799 4000 3166 4079 porcionum

600 4098 1256 4179 possessionariarum,
1319 4112 1502 4180 prout
1546 4103 1662 4181 ipsi
1710 4104 2076 4185 iobagiones
2125 4108 2318 4167 nostri
2378 4108 2677 4187 fidedigni
2723 4108 2904 4167 nobis
2951 4108 3014 4168 in
3064 4128 3156 4168 re-

602 4208 801 4289 gistro
847 4216 1269 4286 apportarunt,
1318 4210 1436 4269 hoc
1483 4211 1698 4272 ordine
1745 4214 2154 4291 declarantur,
2204 4217 2371 4294 quod
2418 4215 2619 4293 prima
2668 4224 2837 4276 meta
2868 4215 3080 4294 incipit
3127 4235 3166 4275 a

605 4324 782 4393 parte
830 4315 1195 4374 occidentali
1245 4335 1283 4375 a
1327 4318 1600 4394 quadam
1648 4320 1948 4380 sambuco
1998 4342 2180 4382 cruce
2229 4323 2495 4403 signata,
2543 4324 2768 4383 deinde
2816 4324 3049 4383 directe
3084 4324 3164 4383 ad

600 4421 1106 4499 septemtrionem
1154 4423 1553 4499 procedendo
1606 4425 1776 4485 vadit
1822 4428 1903 4487 ad
1950 4429 2108 4489 duas
2157 4449 2443 4509 quercuS,
2506 4450 2768 4509 quarum
2817 4430 3020 4509 prima
3067 4437 3163 4490 est

608 4528 669 4586 in
717 4528 1115 4605 possessione
1182 4529 1487 4590 dictorum
1536 4532 1701 4592 Petri
1752 4543 1813 4593 et
1860 4536 2101 4608 Blassii,
2167 4539 2446 4597 secunda
2492 4557 2643 4597 vero
2693 4546 2788 4597 est
2833 4556 2946 4615 pro
2995 4546 3163 4597 meta

608 4636 909 4713 deputata
956 4643 1018 4694 et
1064 4654 1246 4695 cruce
1280 4637 1544 4717 signata,
1593 4640 1817 4701 deinde
1851 4642 2084 4704 directe
2117 4645 2399 4721 procedit
2445 4646 2525 4705 ad
2540 4645 2875 4724 ,quandam
2905 4664 3162 4723 pomum

607 4742 954 4802 silvestrem
1008 4761 1190 4803 cruce
1239 4744 1516 4805 similiter
1561 4747 1837 4823 incisam,
1886 4751 1967 4810 ab
2015 4750 2158 4810 hinc
2205 4751 2286 4810 ad
2332 4753 2600 4812 eundem
2652 4752 3160 4830 septemtrionem

606 4849 919 4908 tendendo
987 4850 1159 4909 vadit
1206 4852 1287 4909 ad
1336 4854 1519 4912 aliam
1579 4874 1831 4932 pomum
1901 4858 2267 4932 silvestrem,
2330 4878 2514 4917 cruce
2563 4860 2840 4919 similiter
2901 4860 3162 4919 incisam

601 4975 801 5036 penes
836 4975 1179 5032 meyczam‚
1228 4958 1451 5018 deinde
1500 4962 1578 5019 ab
1624 4962 1763 5040 ipsa
1792 4982 1980 5040 pomo
2013 4965 2244 5024 directe
2274 4966 2672 5045 procedendo
2707 4968 2787 5025 ad
2819 4967 3162 5027 secundam

2987 5086 3018 5118 t
