3917 5592
3031 475 3159 542 353

601 703 749 758 tu'nc
799 698 1001 759 adhuc
1048 697 1110 756 in
1157 698 1276 757 hoc
1323 698 1534 757 seculo
1582 697 1819 770 vivenS,
1865 715 1979 774 pro
2026 695 2236 774 precio
2284 694 2466 754 unius
2510 692 2717 754 tunice
2764 701 2891 755 tres
2929 714 3161 773 pensas

603 805 1002 866 denariorum
1067 795 1332 865 valentis
1393 805 1494 864 vel
1557 803 1780 884 viginti
1844 803 2104 864 cubulos
2151 801 2295 877 vini,
2354 821 2544 881 quam
2606 820 2719 861 seu
2789 820 2946 881 quos
2991 802 3171 863 idem·

599 914 958 992 Stephanus
1001 913 1454 990 Kwuenchych
1502 933 1579 973 ex
1627 931 1721 987 e0,
1769 911 1916 992 quia
1964 909 2170 972 subito
2216 917 2497 970 mortuus
2525 909 2761 985 fuisset,
2811 910 2890 971 ab
2921 910 3159 971 eisdem

600 1020 953 1081 hominibus
1013 1020 1448 1107 generacionis
1519 1038 1735 1080 eorum
1796 1026 2123 1098 prenotate
2186 1011 2663 1095 owranychy8
2708 1017 2986 1096 recipere
3034 1037 3161 1080 non

602 1129 934 1208 potuisset3
969 1149 1110 1190 cum
1145 1139 1357 1190 tamen
1387 1129 1610 1188 eedem
1642 1127 2077 1208 possessiones
2108 1125 2377 1207 litigiose
2408 1125 2862 1206 quinquaginta
2886 1126 3159 1206 quinque

601 1237 886 1297 wrethen
932 1242 1077 1296 sunt
1113 1235 1274 1296 infra
1303 1243 1504 1296 metas
1539 1235 2011 1314 possessionum
2043 1241 2107 1294 et
2136 1233 2501 1313 porcionum
2523 1232 3160 1312 possessionariarum

579 1373 586 1378 ·
603 1343 1024 1423 predictorum
1070 1343 1312 1404 Thome
1374 1343 1483 1403 filii
1543 1342 1738 1422 ipsius
1796 1342 2141 1403 Clementis
2208 1349 2271 1402 et
2315 1341 2484 1403 Petri
2544 1341 2651 1402 filii
2698 1341 2844 1402 dicti
2892 1344 3160 1404 condam

601 1452 844 1512 Thorne
891 1450 1131 1530 snpani,
1179 1471 1300 1530 que
1347 1450 1410 1510 in
1456 1450 1675 1511 maiori
1723 1470 1939 1511 earum
1997 1459 2177 1529 parte
2222 1449 2478 1528 prefatis
2525 1449 2735 1509 Blasio
2782 1450 2907 1509 filio
2962 1449 3158 1529 ipsius

599 1559 839 1620 Mathie
887 1568 949 1619 et
979 1558 1321 1620 Benedicto
1368 1553 1706 1638 Krwpyth⁴
1739 1578 1814 1618 ac
1843 1559 2165 1637 Stephano
2214 1558 2665 1636 Kwuenchych
2696 1566 2758 1618 et
2791 1558 2924 1619 aliis
2956 1559 3157 1638 ‚sociis

602 1686 834 1741 eorum,
882 1685 996 1746 pro
1044 1671 1238 1727 certa'
1263 1686 1510 1727 summa
1555 1667 1837 1745 pecunie,
1885 1685 2075 1746 quam
2121 1665 2399 1747 prefatus
2426 1666 2693 1726 condam
2742 1667 3020 1727 Thomas
3054 1687 3154 1727 su-

600 1795 802 1855 panus
849 1774 996 1835 olim
1040 1775 1176 1835 Elie
1224 1775 1414 1835 Iudeo
1463 1775 1706 1835 solvere
1753 1775 2101 1846 tenebatur,
2148 1793 2347 1854 usque
2393 1781 2643 1853 tempus
2702 1774 3157 1854 redempcionis
3184 1831 3199 1844 ,

600 1890 746 1942 sunt
807 1881 1216 1963 inpignorate,
1284 1891 1347 1941 et
1406 1881 1660 1960 insuper
1728 1881 1952 1961 prefati
2020 1881 2267 1942 Blasius
2336 1879 2497 1940 filius
2560 1880 2753 1959 ipsius
2808 1881 3048 1942 Mathie
3096 1890 3159 1942 et

599 1989 978 2051 Benedictus
1038 1989 1363 2068 Krwpyth‚
1413 1971 1497 2049 ‘ac
1555 1996 1701 2068 post
1762 1998 2027 2050 mortem
2085 1989 2281 2067 ipsius
2343 1989 2645 2067 Stephani
2706 1989 3155 2067 Kwuenchych

600 2097 920 2176 Philippus
969 2104 1031 2158 et
1075 2097 1332 2158 Marcus
1377 2096 1484 2164 filii
1529 2098 1719 2172 Iwan,
1764 2097 1972 2158 fratris
2020 2096 2302 2157 eiusdem
2347 2096 2649 2175 Stephani
2689 2096 3155 2174 Kwuenchych,

604 2189 1004 2290 successores
1051 2204 1261 2283 ἱρείας,
1293 2213 1497 2265 certos
1530 2204 1786 2264 colonos
1815 2223 1928 2264 seu
1961 2203 2292 2283 inquilinos
2317 2222 2535 2263 eorum
2566 2203 3156 2278 infranominandOS,

601 2313 891 2374 videlicet
936 2311 1336 2372 Valentinum
1380 2312 1807 2385 fistulatorem,
1855 2312 2145 2371 colonum
2192 2310 2385 2389 ipsius
2433 2310 2626 2370 Blasii
2672 2281 2795 2370 filii‘
2826 2309 2972 2371 dicti
3016 2312 3154 2371 Ma-

599 2421 744 2495 thie,
793 2440 868 2481 ac
913 2420 1191 2481 Blasium
1239 2421 1800 2497 Scamberechych,
1857 2421 2147 2480 colonum
2194 2419 2419 2499 prefati
2464 2419 2788 2480 Benedicti
2833 2420 3169 2499 Krwpych¹

597 2537 660 2590 et
707 2529 1223 2603 Chwethkonem‚
1287 2529 1575 2588 colonum
1641 2529 1946 2590 dictorum
2011 2527 2278 2608 Philippi
2338 2536 2404 2588 et
2461 2528 2679 2602 Marci,
2728 2529 2807 2588 ob
2868 2527 3154 2588 favorem

591 2638 1014 2716 predictorum
1059 2636 1380 2697 hominum
1426 2636 1863 2717 generacionis
1911 2657 2127 2697 eorum
2182 2637 2605 2714 Dobranychy
2653 2644 2896 2712 vocate,
2957 2656 3153 2716 penes

590 2764 701 2807 eos
749 2745 812 2806 in
858 2745 1030 2806 litem
1076 2745 1371 2823 ipsorum,
1419 2765 1609 2824 quam
1655 2745 1773 2824 ipsi
1820 2764 1934 2824 per
1978 2745 2458 2826 instigacionem
2506 2752 2569 2806 et
2611 2744 3045 2806 induccionem
3087 2752 3150 2805 et

590 2852 1104 2914 informacionem
1166 2852 1586 2932 predictorum
1648 2853 1857 2928 Blasii,
1917 2848 2293 2914 Benedicto⁵
2350 2852 2671 2932 Krwpych
2733 2859 2796 2912 et
2848 2851 3151 2930 Stephani

591 2961 1043 3040 Kwuenchych
1088 2981 1232 3022 cum
1277 2960 1520 3040 prefato
1567 2962 1815 3022 Thoma
1859 2961 1987 3022 filio
2052 2960 2246 3040 ipsius
2309 2960 2652 3022 Clementis
2713 2959 2965 3021 racione
3008 2979 3149 3039 pre·

593 3070 902 3130 dictarum
943 3069 1418 3149 possessionum
1464 3069 1740 3147 ipsorum
1788 3069 2201 3149 quinquagita
2232 3069 2504 3148 quinque
2536 3066 2993 3129 dimensionum
3038 3069 3167 3127 ha-.

594 3177 881 3250 buerunt,
931 3176 1194 3250 sinistre,
1222 3196 1518 3255 perverse
1567 3197 1641 3237 ac
1688 3177 1893 3238 illicite
1923 3178 2129 3238 iurare
2177 3177 2474 3251 fecerunt,
2525 3177 2691 3236 unde
2721 3176 2892 3236 tacta
2936 3175 3155 3236 huius-s

596 3284 764 3344 modi
810 3283 1288 3361 protestacione‚
1327 3283 1606 3362 prefatus
1637 3285 1900 3365 Egidius
1932 3284 2207 3346 carnifex
2238 3285 2302 3344 in
2331 3303 2447 3345 sua
2476 3303 2551 3344 ac
2574 3283 2857 3362 personis
2883 3302 3147 3363 quorum

586 3410 793 3470 supra,
840 3390 1116 3470 prefatos
1166 3391 1447 3451 Blasium
1493 3393 1688 3452 filium
1734 3393 1928 3472 ipsius
1976 3393 2215 3454 Mathie
2280 3401 2343 3452 et
2388 3392 2798 3453 Benedictum
2843 3392 3145 3471 Krupych

591 3519 666 3560 ac
711 3499 1064 3578 Philippum
1129 3507 1193 3560 et
1249 3499 1535 3561 Marcum
1596 3500 1756 3561 filios
1820 3501 2015 3581 ipsius
2082 3503 2271 3576 Iwan,
2335 3501 2738 3580 ipsorumque
2798 3501 3025 3561 fratres
3072 3519 3148 3561 ac

592 3607 858 3667 heredes
906 3606 1233 3667 universos
1281 3614 1344 3668 et
1391 3608 1546 3668 alios
1579 3608 1883 3687 quoslicet
1929 3608 2009 3669 ab
2050 3608 2488 3688 occupacione,
2537 3608 2921 3683 detencione,
2967 3627 3145 3668 usur-

591 3715 872 3794 pacione‚
922 3715 1454 3795 appropriacione,
1484 3716 1969 3796 perpetuacione
2002 3717 2421 3796 predictarum
2451 3716 2921 3797 possessionum
2952 3715 3161 3776 dicta--

581 3841 727 3882 rum
773 3822 1229 3904 quinquaginta
1275 3823 1547 3902 quinque
1596 3824 2071 3899 dimensionum,
2124 3831 2186 3884 et
2233 3824 2495 3884 aliarum
2541 3823 2958 3904 quarumlibet
3000 3843 3144 3902 pos·

587 3929 941 3990 sessionum
1003 3938 1067 3990 et
1123 3931 1489 4010 porcionum
1547 3931 2187 4010 possessionariarum
2232 3931 2455 4011 prefati
2501 3932 2743 3992 Thome
2790 3930 2899 3990 filii
2951 3929 3145 4009 ipsius

588 4037 952 4112 Clementis,
1001 4045 1064 4098 et
1110 4037 1258 4099 dicti
1302 4038 1473 4100 Petri
1517 4039 1624 4099 filii
1668 4039 1842 4118 ipsus
1889 4041 2133 4100 Thome
2180 4039 2404 4118 supani
2451 4059 2527 4100 ac
2572 4038 2848 4118 predicte
2896 4038 3144 4099 domine

594 4146 866 4226 Agathe,
915 4147 1219 4207 consortis
1264 4147 1570 4228 legittime
1615 4148 1809 4227 ipsius
1869 4147 2079 4228 Egidii
2126 4147 2433 4208 camificis
2495 4146 2559 4207 in
2603 4146 2885 4225 predicta
2929 4147 3146 4206 Mlaka

586 4262 649 4315 et
697 4255 831 4315 eius
879 4254 1187 4315 territorio
1236 4274 1311 4315 ac
1356 4255 1771 4334 pertinenciiS,
1818 4275 2064 4316 necnon
2126 4255 2187 4314 in
2253 4255 2563 4333 Hrelyncz
2626 4274 2739 4314 seu
2785 4254 2848 4314 in
2896 4253 3145 4330 Oresya

585 4380 660 4422 ac
708 4363 863 4422 alias
925 4362 1129 4423 ubivis
1197 4362 1553 4424 habitarum
1616 4373 1679 4424 et
1730 4363 2155 4438 existencium‚
2217 4363 2439 4442 quovis
2503 4360 2771 4423 nominis
2835 4362 3142 4421 vocabulo

587 4469 1020 4545 vocitatarum,
1067 4470 1238 4549 ipsos
1284 4471 1541 4532 iuridice
1590 4479 1653 4531 et
1697 4471 2061 4532 litteratorie
2110 4478 2218 4531 aut
2264 4471 2386 4532 alio
2432 4470 2653 4550 quovis
2703 4469 2834 4530 iure
2865 4476 2924 4529 et
2967 4469 3141 4529 titulo

589 4577 1127 4652 concernencium,
1177 4597 1252 4638 ac
1297 4577 1415 4638 sibi
1477 4578 1628 4657 ipsis
1688 4579 2177 4654 statuifaccione,
2228 4598 2421 4658 seque
2469 4578 2640 4656 ipsos
2688 4577 2750 4636 in
2802 4576 3141 4636 dominium

583 4684 861 4762 ipsarum
924 4684 1146 4763 quovis
1206 4685 1448 4764 quesito
1515 4687 1722 4746 colore
1786 4686 2261 4761 intromissione,
2309 4705 2660 4764 usuumque
2722 4685 3032 4744 fructuum
3081 4693 3143 4742 et

587 4790 1004 4870 quarumlibet
1048 4791 1380 4852 utilitatum
1411 4794 1754 4854 earundem
1801 4793 2211 4872 percepcione
2259 4813 2371 4852 seu
2400 4791 2915 4871 percipifaccione
2960 4791 3139 4850 factis

589 4906 651 4958 et
695 4898 936 4972 fiendiS,
984 4898 1230 4976 publice
1279 4909 1340 4959 et
1385 4900 1713 4960 manifeste
1769 4901 2084 4980 prohibuit
2130 4901 2615 4962 contradicendo
2663 4907 2726 4961 et
2772 4899 3142 4960 contradixit

593 5005 930 5076 inhibendo
979 5027 1190 5076 coram
1235 5009 1414 5076 nobis
1462 5009 1816 5076 testimonio
1876 5011 2270 5098 presencium
2315 5010 2647 5076 mediante.
2710 5011 2943 5071 Datum
2985 5007 3143 5069 feria

2926 5130 3000 5194 23
