3917 5592
756 428 887 492 254

751 662 903 704 vero
949 644 1111 704 inter
1155 643 1468 722 prefatum
1513 642 1773 704 fluvium
1822 644 2054 717 Mlaka,
2122 652 2183 703 et
2232 663 2269 703 a
2317 644 2657 705 meridione
2718 645 2880 706 inter
2927 646 3093 706 viam
3144 666 3309 707 com·

751 770 1004 810 munem
1054 769 1128 810 ac
1174 750 1335 810 inter
1380 757 1612 809 terram
1659 749 2069 809 sessionalern
2127 749 2350 827 prefati
2412 751 2614 810 Marci
2675 752 2781 811 filii
2844 752 2991 811 dicti
3052 753 3223 813 Iwan
3274 772 3313 812 a

749 857 1028 936 predicto
1062 857 1298 917 oriente
1344 856 1638 929 habitam,
1687 864 1930 935 septem
1964 856 2383 916 dimensiones
2411 858 2580 937 wlgo
2622 860 2793 919 meth
2840 859 3037 919 dictas
3072 860 3309 939 absque

751 985 863 1025 sex
929 965 1064 1025 aliis
1127 964 1616 1025 dimensionibus
1663 965 1833 1043 wlgo
1895 964 2243 1041 wdilnycze
2307 965 2548 1024 vocatis
2602 965 2665 1025 in
2726 985 2797 1026 se
2858 966 3309 1042 continentem3

747 1072 893 1132 item
943 1072 1142 1132 eciam
1189 1072 1505 1151 quandam
1551 1079 1784 1131 terram
1831 1071 2130 1131 arabilem
2176 1090 2369 1151 prope
2418 1080 2618 1132 metas
2666 1073 2809 1133 ville
2855 1074 3145 1134 Hrascha
3190 1093 3299 1134 vo-

748 1189 905 1253 cate,
953 1180 1113 1239 inter
1174 1179 1492 1257 quandam
1538 1178 1706 1238 viam
1769 1198 2165 1239 communem
2214 1179 2292 1238 ab
2341 1179 2681 1254 occidente,
2746 1199 2821 1240 ac
2872 1180 3031 1241 inter
3076 1190 3309 1242 terram

749 1285 1046 1346 arabilem
1093 1286 1353 1365 predicti
1406 1284 1606 1345 Marci
1650 1286 1758 1345 filii
1805 1285 2000 1364 ipsius
2047 1286 2220 1345 Iwan
2280 1305 2317 1345 a
2364 1286 2721 1362 meridione,
2772 1306 2811 1347 a
2862 1288 3306 1366 septemtrione

746 1411 899 1452 vero
930 1392 1090 1452 inter
1112 1402 1343 1453 terram
1377 1391 1674 1452 arabilem
1700 1392 1952 1453 Andree
1986 1393 2092 1453 filii
2118 1392 2339 1471 prefati
2372 1393 2629 1468 Nicolai‚
2681 1393 2802 1453 awi
2828 1394 3024 1473 ipsius
3058 1396 3306 1457 domine

745 1501 1102 1575 Scolastice‚
1152 1510 1214 1561 et
1243 1502 1321 1561 ab
1371 1500 1607 1561 oriente
1655 1501 1814 1561 inter
1859 1501 2044 1561 fenile
2094 1502 2393 1581 sepedicti
2440 1502 2641 1563 Marci
2672 1502 2777 1563 filii
2812 1500 3083 1581 sepefati
3130 1505 3301 1564 Iwan

745 1608 1042 1683 habitam,
1090 1609 1248 1668 duas
1297 1608 1720 1669 dimensiones
1767 1609 1935 1668 meth
1986 1608 2185 1669 dictas
2234 1616 2298 1669 et
2327 1627 2437 1669 sex
2471 1608 2625 1669 alias
2675 1610 3097 1671 dimensiones
3131 1611 3301 1671 wdil-

747 1734 943 1792 nycze
989 1722 1248 1775 vocatas
1295 1715 1359 1775 in
1406 1734 1474 1775 se
1521 1715 1891 1790 habentem;
1941 1715 2090 1775 item
2137 1716 2455 1795 quoddam
2520 1715 2705 1777 fenile
2753 1717 2816 1777 in
2872 1716 3177 1778 territorio
3226 1720 3303 1778 de

746 1822 1028 1901 predicta
1074 1823 1306 1896 Mlaka,
1355 1822 1515 1882 inter
1561 1822 1745 1882 fenile
1794 1821 2139 1883 Clementis
2187 1824 2267 1883 de
2314 1823 2728 1899 Mykchowcz
2777 1824 2856 1884 ab
2889 1825 3212 1885 occidente
3244 1834 3306 1885 et

747 1950 786 1990 a
832 1931 1292 2009 septemtrione,
1365 1931 1443 1990 ab
1491 1930 1729 1991 oriente
1793 1939 2003 1990 autem
2066 1930 2226 1990 inter
2274 1930 2439 1990 viam
2488 1951 2899 2007 communem,
2969 1934 3193 2011 partim
3242 1942 3305 1993 et

746 2038 973 2117 partim
1021 2038 1182 2099 inter
1226 2046 1427 2098 metas
1475 2037 1889 2117 prenominati
1937 2038 2136 2097 Marci
2170 2036 2277 2097 filii
2306 2038 2606 2117 sepedicti
2652 2040 2842 2113 Iwan,
2892 2059 2930 2100 a
2961 2041 3302 2100 meridione

745 2166 896 2206 vero
943 2146 1103 2206 inter
1149 2147 1371 2206 silvam
1420 2165 1815 2206 communem
1861 2144 2159 2205 nobilium
2206 2146 2285 2205 de
2319 2145 2485 2205 dicta
2528 2147 2741 2207 Mlaka
2772 2147 3069 2222 habitum,
3118 2148 3300 2208 simul

745 2274 886 2313 cum
934 2254 1222 2314 omnibus
1269 2254 1632 2315 utilitatibus
1680 2261 1743 2313 et
1789 2253 2186 2332 pertinenciis
2235 2254 2559 2328 universiS,
2608 2255 2829 2333 quovis
2880 2256 3145 2316 nominis
3192 2276 3299 2316 vo-

743 2362 966 2421 cabulo
1015 2362 1316 2435 vocitatiS,
1385 2363 1466 2423 ad
1529 2362 1784 2421 easdem
1850 2371 2049 2420 terras
2113 2368 2174 2420 et
2236 2361 2467 2421 dictum
2528 2362 2712 2423 fenile
2767 2363 3192 2441 spectantibus
3241 2371 3303 2424 et

744 2469 1053 2554 pertinere
1087 2470 1474 2543 debentibuS‚
1515 2478 1857 2529 memorate
1889 2469 2137 2529 domine
2185 2469 2543 2545 Scolastice‚
2592 2489 2705 2549 pro
2752 2471 3031 2549 predicta
3078 2482 3303 2550 quarta

744 2596 859 2636 sua
905 2576 1181 2655 puellari,
1230 2578 1307 2637 de
1355 2577 1610 2655 prefatis
1672 2576 2173 2655 possessionibus
2223 2585 2284 2636 et
2328 2578 2725 2655 porcionibus
2789 2580 3300 2657 possessionariis

744 2685 1049 2745 nobilibus
1083 2684 1382 2763 sepedicti
1415 2685 1691 2765 Georgii,
1725 2685 1917 2763 patris
1951 2685 2231 2744 eiusdem
2268 2686 2515 2745 domine
2564 2688 2905 2747 Scolastice
2935 2698 3301 2767 separantes

743 2802 804 2852 et
836 2802 1318 2872 sequestranteS,
1381 2801 1729 2853 statuerunt
1791 2802 2092 2871 perpetuo
2139 2794 2568 2871 possidendaS,
2631 2803 2694 2855 et
2738 2796 3299 2875 quomodocunque

740 2901 1004 2960 voluerit
1051 2900 1490 2978 disponendaS,
1537 2901 1784 2961 nemine
1827 2901 2072 2978 penitus
2116 2902 2596 2976 contradicente,
2644 2902 2839 2962 tribus
2888 2905 3106 2965 diebus
3154 2926 3299 2965 con-

737 3008 923 3067 tinuis
972 3015 1035 3067 et
1079 3008 1414 3087 legittimis,
1461 3008 1627 3067 iuxta
1664 3007 1841 3087 regni
1874 3008 2387 3067 consvetudinem
2434 3028 2675 3068 moram
2724 3009 2952 3070 ibidem
2998 3011 3298 3071 facientes

737 3110 1148 3192 personalem.
1221 3115 1288 3173 In
1358 3134 1622 3193 quorum
1692 3115 1969 3174 omnium
2040 3114 2487 3192 premissorum
2557 3116 2976 3176 testimonium
3044 3118 3297 3177 firmita-

734 3231 984 3300 temque
1047 3230 1430 3299 perpetuam,
1493 3221 1885 3300 presentibus
1952 3222 2157 3301 sigilla
2218 3232 2432 3282 nostra
2495 3224 2675 3282 solita
2723 3223 3010 3283 duximus
3060 3244 3291 3304 appen-

734 3326 956 3389 denda.
1018 3330 1250 3388 Datum
1304 3330 1634 3409 Zagrabie,
1696 3330 1852 3390 feria
1917 3330 2197 3389 secunda
2264 3331 2547 3408 proxima
2616 3340 2759 3391 ante
2826 3332 3051 3391 festum
3130 3332 3296 3393 beati

733 3437 993 3513 Mathye
1079 3436 1370 3514 apostoli,
1457 3456 1620 3497 anno
1706 3436 1936 3496 domini
2016 3437 2339 3497 millesimo
2417 3438 3034 3518 quadringentesimo
3110 3440 3289 3499 trice-

734 3564 891 3604 S1mo
938 3564 1121 3604 non0.

946 3666 1228 3735 Originale
1269 3668 1713 3737 membraneum,
1741 3668 2060 3736 dependent
2088 3668 2233 3722 duae
2272 3667 2484 3721 sericae
2514 3685 2708 3731 zonae,
2738 3685 2851 3722 una
2889 3669 3089 3738 iridis,
3118 3672 3296 3723 altera

733 3757 943 3811 cinerei
983 3757 1210 3811 coloris.
1251 3758 1310 3810 In
1351 3758 1582 3811 archivo
1624 3758 1815 3811 accad.
1855 3759 2050 3813 scient.
2092 3758 2311 3812 slavor,
2352 3759 2646 3813 meridion.
2686 3759 3008 3827 Zagrabiae,

1904 4043 2123 4112 241.

945 4244 1130 4302 Anno
1188 4241 1370 4303 1439.
1420 4242 1523 4303 22.
1575 4244 1738 4303 iunii.
1785 4244 2162 4324 Zagrabiae,

941 4422 1148 4482 Litera
1211 4441 1398 4500 super
1456 4423 1636 4482 bonis
1706 4422 2009 4481 Mraczlin
2054 4442 2165 4500 per
2222 4423 2565 4482 Zeboldum
2633 4424 2934 4481 maiorem
2999 4424 3286 4484 comitem

726 4530 952 4609 Campi
999 4531 1444 4609 Zagrabiensis
1495 4550 1568 4590 ac
1616 4532 1868 4589 'Petrum
1919 4530 2109 4589 filium
2158 4530 2361 4589 Ioanis
2410 4532 2487 4589 de
2538 4530 2769 4604 Mlaka,
2818 4532 3107 4590 comitem
3166 4540 3283 4591 ter-

727 4647 1012 4714 restrem,
1088 4640 1165 4698 de
1231 4639 1377 4697 dato
1442 4636 1814 4717 Zagrabiae,
1884 4637 2040 4697 feria
2106 4638 2383 4696 secunda
2454 4646 2596 4695 ante
2661 4636 2889 4696 festum
2950 4638 3287 4698 nativitatis

721 4746 889 4806 beati
936 4746 1184 4806 Ioannis
1231 4746 1416 4822 bapt„
1463 4745 1526 4804 in
1575 4764 1737 4803 anno
1795 4742 1979 4805 1439.
2029 4753 2336 4804 emanata.

947 4868 1272 4922 Memoriale
1311 4868 1596 4920 literarum
1637 4866 1887 4921 familiae
1929 4866 2410 4935 Pogledichianae
2453 4866 2605 4934 apud
2644 4868 2772 4921 nob.
2814 4866 2977 4921 Geor.
3025 4867 3284 4936 Pogledic

721 4957 776 5010 in
821 4956 1122 5011 Rutilovec
1163 4956 1268 5010 No·
1306 4956 1391 5009 52.
