3917 5592
765 446 888 515 124

1942 658 2147 735 110.

971 831 1154 891 Anno
1212 829 1394 891 1389.
1446 831 1502 891 7.
1553 830 1716 890 iunii.
1773 830 2145 909 Zagrabiae.

761 990 1013 1055 Coram
1047 990 1253 1055 Petro
1289 987 1451 1073 filio
1492 987 1784 1073 Georgii
1810 992 2132 1073 zuppano
2170 986 2417 1072 Campi
2457 987 2972 1073 Zagrabiensis
3004 986 3323 1053 Andreas

743 1095 952 1181 filius
998 1094 1230 1161 Iacobi
1290 1094 1548 1160 nobilis
1593 1095 1674 1159 de
1729 1094 2009 1174 Gorica,
2062 1093 2567 1179 possessionem
2613 1115 2818 1159 suam
2886 1093 3321 1169 Rakitouech,

1037 1204 1341 1289 quinque
1387 1204 1649 1267 marcis
1693 1200 1984 1287 Myreno
2020 1199 2182 1285 filio
2229 1200 2736 1282 Radenkouich‚
2781 1202 3034 1267 vendit.

969 1368 1100 1427 Nos
1147 1368 1370 1427 Petrus
1417 1366 1579 1426 filius
1627 1366 1888 1446 Georgii
1953 1384 2201 1445 zuppan
2249 1367 2328 1426 de
2376 1364 2623 1445 Campo
2669 1365 3081 1446 Zagrabiensi
3130 1365 3319 1445 signi-

753 1476 1013 1536 ficamus
1061 1484 1276 1535 tenore
1325 1474 1720 1553 presencium
1767 1474 1993 1553 quibus
2044 1474 2294 1553 expedit
2340 1474 2665 1549 vniuersiS‚
2730 1475 2900 1554 quod
2946 1474 3319 1535 accedentes

753 1584 833 1644 ad
880 1591 1157 1643 nostram
1203 1582 1594 1660 presenciam
1658 1582 1884 1658 Myren
1929 1582 2093 1641 filius
2156 1581 2604 1643 Radenkouich
2654 1600 2795 1641 cum
2852 1581 2993 1641 filiis
3040 1580 3170 1639 suis
3234 1579 3313 1639 ab

751 1710 876 1751 una
922 1699 1116 1767 parte,
1167 1690 1244 1749 ab
1279 1691 1474 1750 altera
1521 1709 1672 1749 uero
1704 1689 1993 1749 Andreas
2038 1690 2200 1749 filius
2249 1690 2472 1765 iacobi,
2507 1689 2729 1749 nobilis
2760 1690 2837 1749 de
2871 1688 3119 1763 Gorica,
3170 1707 3317 1748 ven-

752 1798 904 1859 didit
950 1797 1413 1876 possessionem
1479 1816 1660 1857 suam
1707 1798 1768 1857 in
1817 1797 2201 1857 Rakitouech
2268 1799 2347 1857 ad
2410 1798 2569 1857 duas
2617 1805 2803 1874 mety,
2851 1797 3118 1874 Myreno
3174 1814 3316 1856 cum

753 1906 890 1966 filiis
938 1904 1083 1979 suiS,
1130 1906 1408 1965 vendidit
1454 1888 1567 1983 pro
1615 1905 1886 1984 quinque
1936 1905 2163 1965 marcis
2211 1903 2609 1966 denariorum
2660 1906 2737 1965 de
2786 1923 3096 1964 consensu
3144 1922 3312 1963 com-

754 2023 1183 2074 metaneorum
1231 2012 1348 2091 ipsi
1414 2014 1638 2091 Myren
1688 2033 1829 2073 curn
1894 2013 2037 2073 filiis
2084 2013 2214 2073 suis
2279 2014 2612 2091 sepedictis
2661 2021 2723 2073 et
2768 2032 2881 2091 per
2931 2031 3075 2072 eum
3124 2010 3318 2089 ipsius

754 2121 1088 2181 heredibus
1135 2120 1728 2199 successoribusque
1776 2120 2085 2181 vniuersis
2133 2120 2251 2181 sibi
2294 2121 2573 2199 plenarie
2622 2119 2969 2199 persolutiS,
3018 2119 3319 2178 donasset

758 2248 833 2289 ac
878 2228 1262 2289 vendidisset
1295 2247 1370 2288 eo
1402 2228 1552 2302 iure,
1600 2246 1724 2306 quo
1757 2229 1840 2288 ad
1869 2228 2073 2307 ipsum
2120 2227 2439 2288 Andream
2488 2228 2681 2287 filium
2712 2227 2921 2288 Iacobi
2949 2225 3315 2305 pertinebat,

756 2344 1057 2414 perpetue
1104 2334 1548 2413 possidendam
1594 2335 1826 2413 pariter
1858 2344 1920 2395 et
1949 2335 2326 2410 habendam,
2375 2355 2772 2400 assummens
2818 2334 3108 2395 Andreas
3155 2333 3317 2393 filius

755 2442 963 2503 Iacobi
1009 2442 1320 2522 prefatum
1385 2443 1610 2519 Myren
1659 2461 1802 2504 cum
1863 2442 2005 2503 filiis
2054 2442 2248 2521 ipsius
2312 2462 2713 2504 successores
2761 2442 2842 2502 ab
2904 2441 3191 2502 omnibus
3256 2441 3319 2499 in

751 2568 1050 2610 successu
1079 2559 1434 2628 temporum
1482 2550 1735 2610 racione
1767 2550 2071 2628 prelibate
2118 2544 2549 2628 possessione¹
2581 2549 2643 2610 in
2676 2550 3083 2626 Raky‘touech
3114 2548 3320 2627 ipsum

751 2658 974 2735 Myren
1023 2666 1131 2717 aut
1194 2657 1364 2735 ipsos
1411 2656 1572 2716 filios
1633 2674 1782 2717 suos
1829 2658 2165 2718 molestare
2212 2657 2582 2732 volentibuS,
2645 2656 2981 2717 defendere
3030 2675 3107 2717 ac
3160 2654 3319 2714 tueri

746 2765 1012 2844 proprii-s
1045 2765 1360 2824 laboribus
1409 2773 1473 2825 et
1519 2764 1809 2843 expensis
1857 2764 2006 2824 suis,
2054 2766 2123 2825 In
2156 2765 2331 2825 cuius
2380 2764 2469 2825 rei
2516 2764 2884 2825 memoriam
2931 2763 3315 2823 firmitatem-

747 2892 868 2952 que
915 2880 1303 2951 perpetuam,
1371 2874 1450 2932 ad
1498 2872 1871 2933 instanciam
1919 2872 2201 2951 parcium
2260 2873 2683 2951 predictarum
2730 2879 3054 2949 presentes
3102 2878 3316 2931 contu-

748 2981 931 3041 limus
1022 2981 1258 3040 litteras
1337 2981 1521 3060 sigilli
1594 2979 1786 3043 nostri
1867 2981 2207 3045 munimine
2288 2982 2614 3041 roboratas
2687 3000 2799 3043 sev
2885 2979 3316 3058 appendendo,

748 3089 977 3148 Datum
1043 3088 1373 3167 Zagrabie,
1444 3088 1601 3148 feria
1665 3090 1944 3149 secunda
2006 3088 2289 3167 proxima
2351 3099 2493 3167 post
2553 3088 2781 3149 festum
2847 3088 3313 3160 PentliecosteS,

750 3214 913 3255 anno
958 3195 1194 3256 domini
1242 3190 1872 3256 M⁰.CCC⁰.LXXX⁰.
1921 3215 2107 3256 nono.

962 3303 1044 3362 ln
1063 3302 1093 3360 f
1105 3322 1138 3362 e
1157 3301 1282 3362 riu
1299 3322 1330 3361 s
1391 3303 1463 3361 in
1527 3303 1568 3362 d
1588 3321 1623 3362 e
1641 3324 1680 3361 x
1696 3312 1723 3362 t
1740 3322 1785 3363 r.
1845 3323 1880 3363 c
1899 3303 1971 3363 al
1992 3323 2027 3363 c
2041 3323 2075 3364 e
2095 3324 2107 3362 ε
2177 3304 2536 3382 Stephanus
2586 3305 2883 3365 sacerdos
2940 3302 3187 3381 scripsit
3233 3301 3310 3361 de

750 3411 932 3469 Nouo
981 3410 1260 3487 Cychan.

963 3548 1245 3618 originale
1285 3552 1727 3605 membraneum.
1787 3550 1832 3605 A
1871 3551 2088 3607 sericea
2125 3568 2272 3606 zona
2311 3552 2551 3608 violacei
2592 3556 2649 3607 et
2686 3552 2818 3607 ssavi
2858 3552 3065 3608 coloris
3104 3552 3310 3623 pendet

747 3639 991 3708 sigillum
1032 3639 1308 3694 exhibens
1349 3640 1406 3694 in
1445 3640 1635 3695 medio
1693 3641 1910 3708 galeam
1951 3644 2007 3695 et
2042 3640 2406 3695 circumcirca
2464 3640 2889 3711 inscriptionem
2927 3643 2963 3710 †
3001 3642 3057 3697 S.
3098 3642 3199 3697 PE.
3252 3640 3307 3695 F.

749 3728 812 3784 G.
852 3729 942 3783 DE
979 3728 1218 3785 CAMPO
1257 3726 1390 3783 SVP
1429 3729 1704 3799 (Sigillum
1749 3727 1896 3785 Petri
1940 3730 2038 3785 mii
2078 3729 2301 3799 Georgii
2332 3732 2401 3785 de
2442 3730 2655 3801 Campo
2694 3732 2933 3801 supani).
2974 3734 3033 3786 ln
3072 3732 3307 3787 archivo

747 3834 1046 3887 regnorum
1086 3818 1142 3874 C.
1182 3818 1233 3873 S.
1274 3823 1331 3873 ct
1366 3818 1456 3873 D.:
1495 3819 1629 3873 Doc.
1671 3836 1760 3873 me
1779 3819 1838 3873 lii
1881 3819 2008 3875 aevi
2047 3836 2097 3874 a.
2140 3819 2294 3876 1389.

1935 4068 2137 4139 120.

961 4233 1146 4293 Anno
1203 4229 1387 4294 1389.
1436 4233 1538 4293 27.
1589 4235 1977 4312 septembris.
2025 4234 2395 4313 Zagrabiae.

753 4390 1002 4456 Coram
1035 4391 1240 4456 Petro
1261 4390 1424 4477 filio
1461 4391 1754 4476 Georgii
1782 4398 2052 4477 supano
2090 4394 2341 4479 Campi
2371 4392 2884 4479 Zagrabiemis,
2918 4394 3308 4480 Stephanus

737 4498 945 4584 filius
991 4500 1273 4565 Nicolai
1343 4501 1516 4565 dicti
1567 4500 1814 4586 LapaS,
1888 4500 2143 4565 nobilis
2188 4502 2269 4566 de
2316 4502 2726 4580 Kurilouclz,
2796 4507 3057 4569 terram
3102 4526 3307 4569 suam

748 4609 824 4672 in
857 4606 1091 4673 eadem
1139 4607 1530 4676 Kuritouch
1561 4609 1983 4687 existentem,
2028 4610 2425 4694 quindecim
2459 4610 2763 4695 florenis
2790 4614 2853 4675 et
2887 4632 3031 4676 una
3068 4634 3308 4677 marca

1101 4714 1414 4779 Matlziae
1459 4718 1524 4780 et
1571 4715 1847 4801 [agidio
1884 4715 2074 4801 filiis
2120 4716 2295 4781 dicti
2341 4716 2641 4798 Nicolai,
2688 4718 2941 4784 vendit.

959 4878 1091 4937 Nos
1125 4897 1326 4956 supan
1360 4880 1582 4939 Petrus
1615 4879 1776 4939 filius
1826 4880 2085 4955 Georgii
2119 4880 2345 4959 Campi
2378 4882 2821 4959 Zagrabiensis
2874 4884 3032 4942 vltra
3065 4884 3304 4942 Zauam

746 4985 1170 5063 significamus
1216 4995 1432 5045 tenore
1481 4987 1872 5063 presencium
1905 4988 2131 5065 quibus
2179 4990 2427 5066 expedit
2460 4990 2783 5063 vniuersiS,
2832 4991 2999 5069 quod
3046 4991 3299 5069 quidem
