3917 5592
3035 448 3155 511 163

591 668 822 729 sectam
893 666 1295 728 devenissent
1361 666 1693 727 concordie
1741 665 2064 749 unionemt
2127 672 2189 725 et
2251 666 2637 725 devenerunt
2684 683 2896 724 eoram
2960 665 3155 739 nobiS‚

595 783 800 837 rectas
861 784 922 837 et
980 794 1165 835 veras
1225 782 1427 835 metas
1474 793 1675 835 novas
1737 773 1909 834 iuxta
1956 781 2203 834 veteres
2261 771 2576 853 erigentes
2625 780 2688 832 et
2733 773 2919 831 modo
2967 771 3153 833 infra·

593 884 928 956 declaratO,
978 901 1196 943 cursus
1245 901 1320 942 ac
1370 881 1667 943 terminos
1716 888 1778 941 et
1823 880 2183 942 erecciones
2232 886 2539 939 metarum
2586 878 3048 957 perhempniter
3093 886 3155 939 et

591 990 1025 1051 inviolabiliter
1071 990 1422 1063 duraturaS,
1485 989 1645 1049 inter
1691 1007 1762 1049 se
1805 987 1942 1048 fieri
2008 988 2309 1047 dixissent
2356 994 2418 1047 et
2465 986 2821 1047 retulissent
2864 986 2927 1045 in
2990 986 3153 1046 hunc

590 1099 882 1159 modum:
931 1097 1099 1176 quod
1145 1096 1348 1176 prima
1393 1103 1563 1157 meta
1608 1115 1776 1157 nova
1822 1104 2030 1156 terrea
2076 1104 2139 1156 et
2185 1095 2263 1155 de
2310 1104 2477 1155 terra
2526 1101 2750 1168 erecta,
2808 1093 3021 1172 incipit
3067 1094 3155 1153 uti

590 1212 802 1286 partes
852 1207 1211 1281 retulerunt,
1260 1206 1421 1266 inter
1468 1204 1739 1284 quedam
1785 1204 1924 1265 loca
1972 1203 2627 1281 Gorenyemeljnische
2676 1210 2739 1261 et
2783 1202 3153 1279 Krachyche

591 1300 921 1394 appellata,
984 1333 1178 1393 prope
1246 1313 1480 1373 flumen
1544 1312 1840 1389 Rakarya
1886 1310 2119 1371 dictum
2181 1311 2301 1371 sita
2344 1317 2413 1379 ,et
2456 1310 2687 1384 habita,
2750 1318 2812 1370 et
2873 1311 2952 1370 de
3018 1310 3154 1388 ipsa

591 1429 760 1483 meta
806 1428 1012 1481 terrea
1073 1439 1238 1480 nova
1286 1418 1462 1480 vadit
1519 1438 1742 1481 versus
1790 1417 2113 1478 meridiem
2160 1417 2319 1478 inter
2376 1417 2616 1478 ledinas
2666 1418 2747 1477 ad
2792 1418 2997 1477 locum
3045 1436 3152 1476 vo-

590 1535 799 1589 catum
867 1528 1233 1607 Ztarazeep,
1302 1535 1365 1587 et
1425 1526 1503 1587 ab
1551 1526 1696 1586 hinc
1743 1527 1824 1587 ad
1871 1526 2193 1586 meridiem
2236 1525 2407 1585 iuxta
2452 1524 2724 1585 ledinam
2771 1524 3152 1583 transeundo

589 1634 873 1714 pervenit
937 1635 1021 1695 ad
1081 1635 1400 1714 quandam
1463 1634 1752 1693 arborem
1813 1631 1982 1712 pomi
2030 1632 2330 1693 silvestris
2378 1650 2561 1693 cruce
2610 1630 2924 1711 signatam
2982 1638 3150 1690 meta

585 1750 792 1803 terrea
838 1741 1296 1816 circumfusam,
1344 1749 1408 1801 et
1437 1741 1517 1801 de
1547 1740 1692 1800 hinc
1741 1741 1946 1801 eundo
1996 1740 2200 1801 adhuc
2246 1758 2467 1799 versus
2500 1738 2823 1798 meridiem
2870 1737 3152 1816 pervenit

587 1849 669 1909 ad
709 1848 914 1931 aliam·
943 1847 1232 1909 arborem
1277 1847 1448 1928 pomi
1494 1847 1844 1908 silvestrem
1891 1866 2078 1907 cruce
2140 1846 2455 1927 signatam
2504 1854 2566 1905 et
2609 1853 2779 1932 terra
2822 1863 2936 1922 pro
2983 1853 3150 1904 meta

585 1948 1042 2031 circumfusam,
1090 1957 1169 2016 de
1218 1974 1344 2034 qua
1391 1956 1613 2015 arbore
1660 1954 1830 2033 pomi
1897 1942 2095 2015 ten'di't
2142 1955 2223 2015 ad
2268 1954 2525 2034 plagam
2572 1952 3044 2014 meridionalem
3089 1960 3152 2011 et

582 2054 1117 2144 pertingit'locum
1165 2062 1400 2123 dictum
1432 2062 1664 2135 Mlaka,
1713 2062 2097 2121 transeundo
2145 2061 2224 2122 de
2256 2061 2458 2140 prima
2504 2067 2671 2121 meta
2702 2068 2910 2119 terrea
2950 2078 3147 2137 usque
3239 2139 3250 2147 -

583 2170 786 2250 ipsum
833 2171 1067 2245 Mlaka,
1133 2171 1462 2231 voluerunt
1521 2169 1756 2230 habere
1803 2169 1936 2248 ipse
1984 2177 2197 2248 partes
2243 2170 2487 2249 largam
2535 2177 2599 2229 et
2644 2169 2917 2247 amplam
2962 2167 3147 2241 viam,

582 2280 750 2358 quod
819 2280 943 2339 duo
1024 2296 1240 2338 currus
1311 2297 1380 2337 se
1445 2277 1714 2337 invicem
1761 2276 2075 2337 obviando
2121 2276 2364 2356 possint
2407 2295 2628 2336 secure
2676 2274 3143 2355 pretere[u]ndo

581 2386 861 2460 transire,
935 2394 996 2446 et
1066 2387 1144 2447 de
1215 2385 1351 2463 ipso
1422 2386 1560 2445 loco
1629 2385 1846 2445 Mlaka
1916 2384 2231 2445 modicum
2301 2383 2671 2444 declinando
2742 2383 2823 2443 ad
2892 2400 3146 2442 manum

578 2493 891 2554 sinistram
925 2494 1006 2553 ad
1037 2491 1359 2553 meridiem
1392 2490 1676 2571 pervenit
1711 2492 1834 2570 [ad]
1871 2492 2061 2553 alium
2096 2493 2302 2552 locum
2348 2491 2582 2565 Mlaka,
2631 2490 2737 2551 ubi
2786 2497 2997 2550 erecta
3047 2496 3145 2549 est

581 2609 748 2661 meta
811 2608 1019 2661 terrea
1081 2599 1359 2661 similiter
1423 2620 1605 2676 nova,
1669 2600 1813 2660 inde
1860 2600 2261 2679 procedendo
2326 2600 2407 2661 ad
2470 2605 2713 2678 partem
2774 2597 3139 2658 orientalem

582 2708 869 2789 pervenit
929 2708 992 2768 in
1055 2717 1288 2769 metam
1359 2708 1682 2785 Chychan‚
1753 2708 1898 2768 inde
1960 2726 2184 2769 versus
2251 2709 2508 2788 plagam
2574 2704 3145 2786 septemtrionalem

575 2815 859 2895 pervenit
907 2816 988 2875 ad
1033 2817 1238 2881 locum
1286 2816 1797 2896 cognominatum
1844 2813 2138 2892 Goryche
2186 2823 2250 2875 et
2294 2814 2377 2873 ibi
2424 2812 2850 2887 terminantur.
2899 2811 3142 2871 Literas

581 2924 778 2985 eciam
843 2931 1062 2984 contra
1107 2922 1462 2984 huiusmodi
1524 2931 1724 2983 metas
1772 2930 2100 2983 emanatas
2166 2923 2265 2982 vel
2312 2922 2375 2982 in
2420 2922 2694 2982 futurum
2758 2921 3144 2981 emanandas

574 3032 916 3107 universaS,
963 3030 1098 3110 ipse
1130 3039 1342 3110 partes
1377 3030 1822 3091 commiserunt
1852 3038 2133 3091 mortuas
2165 3039 2227 3091 et
2257 3028 2493 3091 viribus
2524 3029 2846 3103 carituraS,
2894 3046 3137 3089 earum-

572 3158 692 3218 que
755 3137 1202 3199 exhibitoribus
1247 3137 1581 3212 nocituras,
1629 3139 1748 3198 hoc
1796 3138 1997 3198 eciam
2059 3156 2173 3216 per
2218 3138 2476 3200 easdem
2538 3143 2749 3216 partes
2815 3142 3137 3213 assumpto

571 3254 633 3306 et
679 3246 1014 3321 declarato,
1077 3245 1245 3324 quod
1291 3243 1343 3305 si
1390 3264 1518 3324 qua
1561 3244 1841 3324 ipsarum
1894 3243 2178 3322 parcium
2223 3242 2505 3323 predicta
2549 3242 2919 3322 infringeret
2966 3248 3030 3301 et
3074 3241 3138 3300 in

572 3352 892 3431 premissis
953 3352 1288 3431 persistere
1345 3353 1548 3426 nollet,
1616 3360 1843 3413 extunc
1889 3352 2031 3413 talis
2092 3372 2239 3432 pars
2289 3360 2505 3412 contra
2570 3358 2815 3429 partem
2874 3350 2937 3409 in
2998 3368 3136 3427 pre·

573 3459 777 3521 missis
809 3460 1264 3540 persistentem,
1312 3461 1374 3521 in
1407 3460 1628 3541 viginti
1674 3460 1948 3540 quinque
1982 3460 2208 3521 marcis
2257 3460 2657 3520 denariorum
2696 3476 2808 3537 pro
2856 3465 3137 3535 tempore

567 3567 972 3643 currencium‚
1021 3569 1196 3629 salva
1242 3567 1463 3628 iudicis
1509 3568 1823 3645 porcione,
1873 3576 2017 3628 ante
2064 3566 2185 3627 litis
2232 3567 2588 3647 ingressum
2620 3564 3131 3644 deponendoram

569 3676 1042 3737 convinceretur
1101 3677 1236 3755 ipso
1282 3677 1466 3736 facto,
1559 3676 1628 3735 In
1677 3676 1852 3735 cuius
1901 3674 1992 3735 rei
2039 3675 2406 3736 memoriam
2465 3673 2945 3750 firmitatemque
2992 3689 3131 3748 per-

576 3791 847 3860 petuam,
893 3783 1288 3861 presentibus
1336 3782 1606 3863 sigillum
1655 3791 1934 3843 nostrum
1984 3783 2274 3843 duximus
2323 3783 2820 3861 appendendum.
2906 3784 3137 3843 Datum

575 3891 904 3971 Zagrabie‚
967 3892 1244 3953 secundo
1291 3891 1392 3952 die
1438 3890 1580 3951 festi
1643 3891 1814 3951 beati
1860 3890 2179 3952 Francisci
2226 3890 2618 3966 confessoris,
2690 3911 2853 3951 anno
2902 3889 3135 3953 domini

576 3988 902 4058 millesimo
948 3997 1566 4078 quadringentesimo
1616 3997 1876 4058 decimo,

785 4134 1068 4205 Originale
1107 4138 1549 4192 membraneum.
1589 4138 1879 4209 Dependet
1915 4140 2101 4193 solum
2141 4154 2287 4193 zona
2324 4138 2539 4193 sericea
2572 4138 2703 4193 ssavi
2732 4143 2789 4193 et
2813 4139 3010 4194 viridis
3038 4154 3131 4194 co-

571 4224 707 4280 loris
745 4226 956 4295 absque
995 4225 1195 4295 sigilla
1235 4226 1297 4280 ln
1333 4226 1569 4282 archivo
1607 4243 1824 4297 regnor.
1865 4226 1921 4283 C.
1961 4228 2018 4283 S.
2058 4232 2113 4282 et
2152 4228 2241 4285 D.:
2281 4228 2413 4283 Doc.
2454 4228 2627 4283 medii
2664 4228 2814 4284 aevi.

1756 4496 1960 4583 1'73.

783 4676 968 4735 Anno
1025 4674 1206 4736 1411.

783 4870 1016 4930 Coram
1084 4872 1316 4933 Ioanne
1385 4874 1512 4934 filio
1583 4875 1908 4935 Michaelis
1974 4876 2198 4937 comite
2264 4878 2491 4957 Campi
2558 4878 3005 4959 Zagrabiensis
3071 4888 3131 4937 et

568 4976 794 5064 Egidio
859 4978 986 5051 filio
1043 4976 1253 5049 Pauli¹
1315 4982 1540 5055 comite
1586 4983 1862 5056 terrestri
1927 4984 2213 5050 ciusdem
2277 4986 2520 5077 Campi,
2591 4985 2927 5047 eoncordia
2989 5006 3129 5051 cum

2955 5158 2985 5197 ἠ.
