<?xml version="1.0" encoding="UTF-8"?>
<!DOCTYPE html PUBLIC "-//W3C//DTD XHTML 1.0 Transitional//EN"
    "http://www.w3.org/TR/xhtml1/DTD/xhtml1-transitional.dtd">
<html xmlns="http://www.w3.org/1999/xhtml" xml:lang="en" lang="en">
 <head>
  <title>
</title>
<meta http-equiv="Content-Type" content="text/html;charset=utf-8" />
  <meta name='ocr-system' content='tesseract 3.04.00' />
  <meta name='ocr-capabilities' content='ocr_page ocr_carea ocr_par ocr_line ocrx_word'/>
</head>
<body>
  <div class='ocr_page' id='page_1' title='image "./povjesnispomeni01laszgoog_0471.png"; bbox 0 0 3917 5592; ppageno 0'>
   <div class='ocr_carea' id='block_1_1' title="bbox 2984 473 3102 533">
    <p class='ocr_par' dir='ltr' id='par_1_1' title="bbox 2984 473 3102 533">
     <span class='ocr_line' id='line_1_1' title="bbox 2984 473 3102 533; baseline -0.008 0"><span class='ocrx_word' id='word_1_1' title='bbox 2984 473 3102 533; x_wconf 82' lang='lat'><strong>421</strong></span> 
     </span>
    </p>
   </div>
   <div class='ocr_carea' id='block_1_2' title="bbox 521 669 3135 1949">
    <p class='ocr_par' dir='ltr' id='par_1_2' title="bbox 521 669 3135 1949">
     <span class='ocr_line' id='line_1_2' title="bbox 565 669 3112 766; baseline 0 -18"><span class='ocrx_word' id='word_1_2' title='bbox 565 669 647 748; x_wconf 87' lang='lat' dir='ltr'><strong>ad</strong></span> <span class='ocrx_word' id='word_1_3' title='bbox 691 688 1086 766; x_wconf 88' lang='lat' dir='ltr'><strong>plandandas</strong></span> <span class='ocrx_word' id='word_1_4' title='bbox 1132 687 1290 747; x_wconf 90' lang='lat' dir='ltr'><strong>vites</strong></span> <span class='ocrx_word' id='word_1_5' title='bbox 1339 695 1482 766; x_wconf 88' lang='lat' dir='ltr'><strong>apte</strong></span> <span class='ocrx_word' id='word_1_6' title='bbox 1532 695 1595 747; x_wconf 90' lang='lat' dir='ltr'><strong>et</strong></span> <span class='ocrx_word' id='word_1_7' title='bbox 1637 680 1854 761; x_wconf 81' lang='lat' dir='ltr'><strong>fenili⁷,</strong></span> <span class='ocrx_word' id='word_1_8' title='bbox 1902 686 2074 765; x_wconf 90' lang='lat' dir='ltr'><strong>ipsos</strong></span> <span class='ocrx_word' id='word_1_9' title='bbox 2124 686 2358 747; x_wconf 89' lang='lat' dir='ltr'><strong>scilicet</strong></span> <span class='ocrx_word' id='word_1_10' title='bbox 2405 686 2747 765; x_wconf 85' lang='lat' dir='ltr'>predictam</span> <span class='ocrx_word' id='word_1_11' title='bbox 2796 687 3112 748; x_wconf 86' lang='lat' dir='ltr'><strong>dominam</strong></span> 
     </span>
     <span class='ocr_line' id='line_1_3' title="bbox 554 794 3104 875; baseline 0 -20"><span class='ocrx_word' id='word_1_12' title='bbox 554 796 848 855; x_wconf 89' lang='lat' dir='ltr'><strong>Vrsulam</strong></span> <span class='ocrx_word' id='word_1_13' title='bbox 896 803 959 855; x_wconf 90' lang='lat' dir='ltr'><strong>et</strong></span> <span class='ocrx_word' id='word_1_14' title='bbox 1003 795 1360 855; x_wconf 90' lang='lat' dir='ltr'><strong>Emericum</strong></span> <span class='ocrx_word' id='word_1_15' title='bbox 1423 795 1501 855; x_wconf 90' lang='lat' dir='ltr'><strong>ab</strong></span> <span class='ocrx_word' id='word_1_16' title='bbox 1567 795 1822 854; x_wconf 90' lang='lat' dir='ltr'><strong>Vrbano</strong></span> <span class='ocrx_word' id='word_1_17' title='bbox 1870 795 1996 854; x_wconf 85' lang='lat' dir='ltr'><strong>filio</strong></span> <span class='ocrx_word' id='word_1_18' title='bbox 2044 794 2212 854; x_wconf 88' lang='lat' dir='ltr'><strong>Petri</strong></span> <span class='ocrx_word' id='word_1_19' title='bbox 2276 794 2577 874; x_wconf 86' lang='lat' dir='ltr'>sepedicti</span> <span class='ocrx_word' id='word_1_20' title='bbox 2636 796 2868 875; x_wconf 89' lang='lat' dir='ltr'><strong>Sugoz,</strong></span> <span class='ocrx_word' id='word_1_21' title='bbox 2915 797 3104 856; x_wconf 87' lang='lat' dir='ltr'><strong>fratre</strong></span> 
     </span>
     <span class='ocr_line' id='line_1_4' title="bbox 549 901 3113 982; baseline 0 -20"><span class='ocrx_word' id='word_1_22' title='bbox 549 903 828 982; x_wconf 88' lang='lat' dir='ltr'><strong>ipsorum</strong></span> <span class='ocrx_word' id='word_1_23' title='bbox 879 903 1112 964; x_wconf 87' lang='lat' dir='ltr'><strong>carnali</strong></span> <span class='ocrx_word' id='word_1_24' title='bbox 1159 903 1236 962; x_wconf 94' lang='lat' dir='ltr'><strong>de</strong></span> <span class='ocrx_word' id='word_1_25' title='bbox 1286 901 1452 963; x_wconf 92' lang='lat' dir='ltr'><strong>dicta</strong></span> <span class='ocrx_word' id='word_1_26' title='bbox 1497 901 1775 962; x_wconf 89' lang='lat' dir='ltr'><strong>Inferiori</strong></span> <span class='ocrx_word' id='word_1_27' title='bbox 1821 903 2285 980; x_wconf 88' lang='lat' dir='ltr'><strong>Lomppnycza,</strong></span> <span class='ocrx_word' id='word_1_28' title='bbox 2350 921 2462 980; x_wconf 90' lang='lat' dir='ltr'><strong>pro</strong></span> <span class='ocrx_word' id='word_1_29' title='bbox 2509 921 2621 962; x_wconf 86' lang='lat' dir='ltr'><strong>sex</strong></span> <span class='ocrx_word' id='word_1_30' title='bbox 2666 903 2919 964; x_wconf 86' lang='lat' dir='ltr'><strong>florenis</strong></span> <span class='ocrx_word' id='word_1_31' title='bbox 2978 903 3113 963; x_wconf 92' lang='lat' dir='ltr'><strong>auri</strong></span> 
     </span>
     <span class='ocr_line' id='line_1_5' title="bbox 555 1009 3109 1090; baseline 0 -19"><span class='ocrx_word' id='word_1_32' title='bbox 555 1010 896 1090; x_wconf 90' lang='lat' dir='ltr'><strong>empcionis</strong></span> <span class='ocrx_word' id='word_1_33' title='bbox 943 1010 1119 1070; x_wconf 87' lang='lat' dir='ltr'><strong>titulo</strong></span> <span class='ocrx_word' id='word_1_34' title='bbox 1169 1019 1665 1084; x_wconf 87' lang='lat' dir='ltr'><strong>concernentem,</strong></span> <span class='ocrx_word' id='word_1_35' title='bbox 1713 1009 1895 1070; x_wconf 89' lang='lat' dir='ltr'><strong>simul</strong></span> <span class='ocrx_word' id='word_1_36' title='bbox 1956 1029 2098 1070; x_wconf 87' lang='lat' dir='ltr'><strong>cum</strong></span> <span class='ocrx_word' id='word_1_37' title='bbox 2148 1010 2435 1070; x_wconf 90' lang='lat' dir='ltr'><strong>omnibus</strong></span> <span class='ocrx_word' id='word_1_38' title='bbox 2484 1011 2763 1070; x_wconf 90' lang='lat' dir='ltr'><strong>eiusdem</strong></span> <span class='ocrx_word' id='word_1_39' title='bbox 2809 1011 3109 1090; x_wconf 89' lang='lat' dir='ltr'><strong>particule</strong></span> 
     </span>
     <span class='ocr_line' id='line_1_6' title="bbox 559 1111 3135 1196; baseline 0.001 -19"><span class='ocrx_word' id='word_1_40' title='bbox 559 1127 723 1179; x_wconf 88' lang='lat' dir='ltr'><strong>terre</strong></span> <span class='ocrx_word' id='word_1_41' title='bbox 771 1126 834 1178; x_wconf 89' lang='lat' dir='ltr'><strong>et</strong></span> <span class='ocrx_word' id='word_1_42' title='bbox 878 1116 1048 1178; x_wconf 86' lang='lat' dir='ltr'><strong>senili</strong></span> <span class='ocrx_word' id='word_1_43' title='bbox 1109 1117 1472 1178; x_wconf 85' lang='lat' dir='ltr'><strong>utilitatibus</strong></span> <span class='ocrx_word' id='word_1_44' title='bbox 1519 1125 1582 1177; x_wconf 92' lang='lat' dir='ltr'><strong>et</strong></span> <span class='ocrx_word' id='word_1_45' title='bbox 1628 1117 2023 1196; x_wconf 86' lang='lat' dir='ltr'><strong>pertinenciis</strong></span> <span class='ocrx_word' id='word_1_46' title='bbox 2088 1116 2414 1192; x_wconf 84' lang='lat' dir='ltr'><strong>universiS,</strong></span> <span class='ocrx_word' id='word_1_47' title='bbox 2461 1117 2717 1196; x_wconf 81' lang='lat' dir='ltr'><strong>prefatis</strong></span> <span class='ocrx_word' id='word_1_48' title='bbox 2778 1119 3003 1178; x_wconf 92' lang='lat' dir='ltr'><strong>Vrsule</strong></span> <span class='ocrx_word' id='word_1_49' title='bbox 3052 1111 3135 1179; x_wconf 54' lang='lat' dir='ltr'><strong>et&#39;</strong></span> 
     </span>
     <span class='ocr_line' id='line_1_7' title="bbox 521 1225 3112 1304; baseline -0 -18"><span class='ocrx_word' id='word_1_50' title='bbox 521 1226 843 1286; x_wconf 84' lang='lat' dir='ltr'><strong>&#39;Emerico</strong></span> <span class='ocrx_word' id='word_1_51' title='bbox 889 1245 966 1286; x_wconf 90' lang='lat' dir='ltr'><strong>ac</strong></span> <span class='ocrx_word' id='word_1_52' title='bbox 1013 1245 1126 1304; x_wconf 89' lang='lat' dir='ltr'><strong>per</strong></span> <span class='ocrx_word' id='word_1_53' title='bbox 1172 1225 1429 1286; x_wconf 90' lang='lat' dir='ltr'><strong>eosdem</strong></span> <span class='ocrx_word' id='word_1_54' title='bbox 1475 1225 1751 1304; x_wconf 89' lang='lat' dir='ltr'><strong>ipsorum</strong></span> <span class='ocrx_word' id='word_1_55' title='bbox 1809 1225 2149 1285; x_wconf 86' lang='lat' dir='ltr'><strong>heredibus</strong></span> <span class='ocrx_word' id='word_1_56' title='bbox 2194 1225 2501 1304; x_wconf 87' lang='lat' dir='ltr'><strong>premisso</strong></span> <span class='ocrx_word' id='word_1_57' title='bbox 2549 1225 2889 1304; x_wconf 89' lang='lat' dir='ltr'><strong>empcionis</strong></span> <span class='ocrx_word' id='word_1_58' title='bbox 2936 1225 3112 1285; x_wconf 92' lang='lat' dir='ltr'><strong>titulo</strong></span> 
     </span>
     <span class='ocr_line' id='line_1_8' title="bbox 552 1332 3110 1413; baseline -0.001 -18"><span class='ocrx_word' id='word_1_59' title='bbox 552 1333 984 1396; x_wconf 87' lang='lat' dir='ltr'><strong>concernentis</strong></span> <span class='ocrx_word' id='word_1_60' title='bbox 1032 1341 1095 1394; x_wconf 91' lang='lat' dir='ltr'><strong>et</strong></span> <span class='ocrx_word' id='word_1_61' title='bbox 1141 1333 1290 1412; x_wconf 90' lang='lat' dir='ltr'><strong>ipsis</strong></span> <span class='ocrx_word' id='word_1_62' title='bbox 1337 1332 1768 1407; x_wconf 76' lang='lat' dir='ltr'><strong>incumbenti8‚</strong></span> <span class='ocrx_word' id='word_1_63' title='bbox 1817 1352 1893 1393; x_wconf 83' lang='lat' dir='ltr'><strong>ex</strong></span> <span class='ocrx_word' id='word_1_64' title='bbox 1941 1351 2255 1394; x_wconf 88' lang='lat' dir='ltr'><strong>consensu</strong></span> <span class='ocrx_word' id='word_1_65' title='bbox 2304 1341 2364 1393; x_wconf 92' lang='lat' dir='ltr'><strong>et</strong></span> <span class='ocrx_word' id='word_1_66' title='bbox 2413 1332 2791 1394; x_wconf 87' lang='lat' dir='ltr'><strong>admissione</strong></span> <span class='ocrx_word' id='word_1_67' title='bbox 2842 1333 3110 1413; x_wconf 89' lang='lat' dir='ltr'><strong>prefato-</strong></span> 
     </span>
     <span class='ocr_line' id='line_1_9' title="bbox 549 1439 3108 1519; baseline -0 -16"><span class='ocrx_word' id='word_1_68' title='bbox 549 1462 687 1503; x_wconf 86' lang='lat' dir='ltr'><strong>rum</strong></span> <span class='ocrx_word' id='word_1_69' title='bbox 734 1440 1048 1502; x_wconf 90' lang='lat' dir='ltr'><strong>Valentini</strong></span> <span class='ocrx_word' id='word_1_70' title='bbox 1096 1449 1160 1500; x_wconf 89' lang='lat' dir='ltr'><strong>et</strong></span> <span class='ocrx_word' id='word_1_71' title='bbox 1203 1440 1505 1518; x_wconf 87' lang='lat' dir='ltr'><strong>Stephani</strong></span> <span class='ocrx_word' id='word_1_72' title='bbox 1573 1439 1840 1501; x_wconf 89' lang='lat' dir='ltr'><strong>filiorum</strong></span> <span class='ocrx_word' id='word_1_73' title='bbox 1902 1439 2097 1519; x_wconf 89' lang='lat' dir='ltr'><strong>ipsius</strong></span> <span class='ocrx_word' id='word_1_74' title='bbox 2144 1440 2475 1501; x_wconf 89' lang='lat' dir='ltr'><strong>Vrbanacz</strong></span> <span class='ocrx_word' id='word_1_75' title='bbox 2538 1440 2829 1518; x_wconf 87' lang='lat' dir='ltr'><strong>iamdicti,</strong></span> <span class='ocrx_word' id='word_1_76' title='bbox 2878 1449 3108 1502; x_wconf 87' lang='lat' dir='ltr'><strong>statue-</strong></span> 
     </span>
     <span class='ocr_line' id='line_1_10' title="bbox 547 1547 3105 1631; baseline 0 -22"><span class='ocrx_word' id='word_1_77' title='bbox 547 1557 690 1609; x_wconf 92' lang='lat' dir='ltr'><strong>runt</strong></span> <span class='ocrx_word' id='word_1_78' title='bbox 738 1558 1042 1628; x_wconf 89' lang='lat' dir='ltr'><strong>perpetuo</strong></span> <span class='ocrx_word' id='word_1_79' title='bbox 1087 1547 1532 1628; x_wconf 89' lang='lat' dir='ltr'><strong>possidendam</strong></span> <span class='ocrx_word' id='word_1_80' title='bbox 1579 1548 1812 1627; x_wconf 88' lang='lat' dir='ltr'><strong>pariter</strong></span> <span class='ocrx_word' id='word_1_81' title='bbox 1859 1557 1922 1609; x_wconf 92' lang='lat' dir='ltr'><strong>et</strong></span> <span class='ocrx_word' id='word_1_82' title='bbox 1967 1549 2342 1623; x_wconf 78' lang='lat' dir='ltr'><strong>habendam,</strong></span> <span class='ocrx_word' id='word_1_83' title='bbox 2394 1569 2468 1610; x_wconf 95' lang='lat' dir='ltr'><strong>ac</strong></span> <span class='ocrx_word' id='word_1_84' title='bbox 2514 1551 2687 1610; x_wconf 84' lang='lat' dir='ltr'><strong>iuxta</strong></span> <span class='ocrx_word' id='word_1_85' title='bbox 2733 1550 2913 1631; x_wconf 89' lang='lat' dir='ltr'><strong>regni</strong></span> <span class='ocrx_word' id='word_1_86' title='bbox 2960 1570 3105 1611; x_wconf 90' lang='lat' dir='ltr'><strong>con-</strong></span> 
     </span>
     <span class='ocr_line' id='line_1_11' title="bbox 550 1656 3105 1739; baseline -0.001 -21"><span class='ocrx_word' id='word_1_87' title='bbox 550 1657 946 1718; x_wconf 90' lang='lat' dir='ltr'><strong>svetudinem</strong></span> <span class='ocrx_word' id='word_1_88' title='bbox 1007 1657 1568 1736; x_wconf 88' lang='lat' dir='ltr'><strong>quomodocunque</strong></span> <span class='ocrx_word' id='word_1_89' title='bbox 1631 1656 1939 1739; x_wconf 67' lang='lat' dir='ltr'><strong>voluerint</strong></span> <span class='ocrx_word' id='word_1_90' title='bbox 2008 1657 2482 1735; x_wconf 87' lang='lat' dir='ltr'><strong>disponendam,</strong></span> <span class='ocrx_word' id='word_1_91' title='bbox 2547 1657 2795 1717; x_wconf 91' lang='lat' dir='ltr'><strong>nemine</strong></span> <span class='ocrx_word' id='word_1_92' title='bbox 2858 1657 3105 1736; x_wconf 87' lang='lat' dir='ltr'><strong>penitus</strong></span> 
     </span>
     <span class='ocr_line' id='line_1_12' title="bbox 548 1763 3105 1852; baseline -0.001 -26"><span class='ocrx_word' id='word_1_93' title='bbox 548 1765 1029 1852; x_wconf 84' lang='lat' dir='ltr'><strong>contradicente,</strong></span> <span class='ocrx_word' id='word_1_94' title='bbox 1075 1764 1273 1824; x_wconf 87' lang='lat' dir='ltr'><strong>tribus</strong></span> <span class='ocrx_word' id='word_1_95' title='bbox 1321 1764 1542 1825; x_wconf 86' lang='lat' dir='ltr'><strong>diebus</strong></span> <span class='ocrx_word' id='word_1_96' title='bbox 1589 1763 1910 1824; x_wconf 80' lang='lat' dir='ltr'><strong>continuis</strong></span> <span class='ocrx_word' id='word_1_97' title='bbox 1945 1772 2009 1823; x_wconf 92' lang='lat' dir='ltr'><strong>et</strong></span> <span class='ocrx_word' id='word_1_98' title='bbox 2053 1763 2347 1844; x_wconf 87' lang='lat' dir='ltr'><strong>legitimis</strong></span> <span class='ocrx_word' id='word_1_99' title='bbox 2396 1782 2471 1825; x_wconf 90' lang='lat' dir='ltr'><strong>ac</strong></span> <span class='ocrx_word' id='word_1_100' title='bbox 2516 1763 2692 1824; x_wconf 87' lang='lat' dir='ltr'><strong>iuxta</strong></span> <span class='ocrx_word' id='word_1_101' title='bbox 2733 1764 2913 1845; x_wconf 74' lang='lat' dir='ltr'><strong>regni</strong></span> <span class='ocrx_word' id='word_1_102' title='bbox 2960 1783 3105 1824; x_wconf 93' lang='lat' dir='ltr'><strong>con·</strong></span> 
     </span>
     <span class='ocr_line' id='line_1_13' title="bbox 549 1871 3108 1949; baseline -0 -16"><span class='ocrx_word' id='word_1_103' title='bbox 549 1873 942 1933; x_wconf 87' lang='lat' dir='ltr'><strong>svetudinem</strong></span> <span class='ocrx_word' id='word_1_104' title='bbox 989 1891 1230 1933; x_wconf 88' lang='lat' dir='ltr'><strong>moram</strong></span> <span class='ocrx_word' id='word_1_105' title='bbox 1279 1871 1511 1932; x_wconf 89' lang='lat' dir='ltr'><strong>ibidem</strong></span> <span class='ocrx_word' id='word_1_106' title='bbox 1570 1871 1870 1932; x_wconf 86' lang='lat' dir='ltr'><strong>facientes</strong></span> <span class='ocrx_word' id='word_1_107' title='bbox 1918 1872 2330 1949; x_wconf 75' lang='lat' dir='ltr'><strong>personalem.</strong></span> <span class='ocrx_word' id='word_1_108' title='bbox 2393 1872 2463 1930; x_wconf 91' lang='lat' dir='ltr'><strong>In</strong></span> <span class='ocrx_word' id='word_1_109' title='bbox 2510 1871 2687 1930; x_wconf 91' lang='lat' dir='ltr'><strong>cuius</strong></span> <span class='ocrx_word' id='word_1_110' title='bbox 2733 1871 2824 1932; x_wconf 90' lang='lat' dir='ltr'><strong>rei</strong></span> <span class='ocrx_word' id='word_1_111' title='bbox 2872 1890 3108 1932; x_wconf 89' lang='lat' dir='ltr'><strong>memo-</strong></span> 
     </span>
    </p>
   </div>
   <div class='ocr_carea' id='block_1_3' title="bbox 550 1976 3215 2059">
    <p class='ocr_par' dir='ltr' id='par_1_3' title="bbox 550 1976 3215 2059">
     <span class='ocr_line' id='line_1_14' title="bbox 550 1976 3215 2059; baseline -0.001 -18"><span class='ocrx_word' id='word_1_112' title='bbox 550 1981 706 2041; x_wconf 88' lang='lat' dir='ltr'><strong>riam</strong></span> <span class='ocrx_word' id='word_1_113' title='bbox 755 1988 945 2059; x_wconf 91' lang='lat' dir='ltr'><strong>atque</strong></span> <span class='ocrx_word' id='word_1_114' title='bbox 991 1979 1412 2041; x_wconf 87' lang='lat' dir='ltr'><strong>testimonium</strong></span> <span class='ocrx_word' id='word_1_115' title='bbox 1473 1977 1955 2058; x_wconf 88' lang='lat' dir='ltr'><strong>firmitatemque</strong></span> <span class='ocrx_word' id='word_1_116' title='bbox 2002 1986 2388 2057; x_wconf 88' lang='lat' dir='ltr'><strong>perpetuam,</strong></span> <span class='ocrx_word' id='word_1_117' title='bbox 2451 1976 2844 2057; x_wconf 86' lang='lat' dir='ltr'><strong>presentibus</strong></span> <span class='ocrx_word' id='word_1_118' title='bbox 2890 1978 3108 2039; x_wconf 88' lang='lat' dir='ltr'><strong>litteris</strong></span> <span class='ocrx_word' id='word_1_119' title='bbox 3208 2037 3215 2046; x_wconf 78' lang='grc'><strong>,</strong></span> 
     </span>
    </p>
   </div>
   <div class='ocr_carea' id='block_1_4' title="bbox 547 2083 3107 2382">
    <p class='ocr_par' dir='ltr' id='par_1_4' title="bbox 547 2083 3107 2382">
     <span class='ocr_line' id='line_1_15' title="bbox 549 2083 3106 2169; baseline -0.001 -21"><span class='ocrx_word' id='word_1_120' title='bbox 549 2083 806 2149; x_wconf 87' lang='lat' dir='ltr'><strong>nostris·</strong></span> <span class='ocrx_word' id='word_1_121' title='bbox 845 2087 1186 2149; x_wconf 89' lang='lat' dir='ltr'><strong>statutoriis</strong></span> <span class='ocrx_word' id='word_1_122' title='bbox 1255 2087 1526 2169; x_wconf 86' lang='lat' dir='ltr'><strong>sigillum</strong></span> <span class='ocrx_word' id='word_1_123' title='bbox 1590 2095 1872 2148; x_wconf 90' lang='lat' dir='ltr'><strong>nostrum</strong></span> <span class='ocrx_word' id='word_1_124' title='bbox 1936 2086 2186 2146; x_wconf 88' lang='lat' dir='ltr'><strong>solitum</strong></span> <span class='ocrx_word' id='word_1_125' title='bbox 2254 2086 2543 2146; x_wconf 86' lang='lat' dir='ltr'><strong>duximus</strong></span> <span class='ocrx_word' id='word_1_126' title='bbox 2608 2087 3106 2169; x_wconf 88' lang='lat' dir='ltr'><strong>appendendum.</strong></span> 
     </span>
     <span class='ocr_line' id='line_1_16' title="bbox 551 2191 3107 2276; baseline -0 -22"><span class='ocrx_word' id='word_1_127' title='bbox 551 2196 784 2256; x_wconf 90' lang='lat' dir='ltr'><strong>Datum</strong></span> <span class='ocrx_word' id='word_1_128' title='bbox 845 2196 1198 2276; x_wconf 86' lang='lat' dir='ltr'><strong>Zagrabye,</strong></span> <span class='ocrx_word' id='word_1_129' title='bbox 1271 2194 1430 2255; x_wconf 86' lang='lat' dir='ltr'><strong>feria</strong></span> <span class='ocrx_word' id='word_1_130' title='bbox 1488 2195 1785 2270; x_wconf 88' lang='lat' dir='ltr'><strong>secunda,</strong></span> <span class='ocrx_word' id='word_1_131' title='bbox 1855 2193 2148 2255; x_wconf 90' lang='lat' dir='ltr'><strong>videlicet</strong></span> <span class='ocrx_word' id='word_1_132' title='bbox 2193 2191 2255 2254; x_wconf 89' lang='lat' dir='ltr'><strong>in</strong></span> <span class='ocrx_word' id='word_1_133' title='bbox 2301 2194 2462 2255; x_wconf 88' lang='lat' dir='ltr'><strong>festo</strong></span> <span class='ocrx_word' id='word_1_134' title='bbox 2525 2195 2723 2254; x_wconf 89' lang='lat' dir='ltr'><strong>sancti</strong></span> <span class='ocrx_word' id='word_1_135' title='bbox 2786 2194 3107 2255; x_wconf 88' lang='lat' dir='ltr'><strong>Benedicti</strong></span> 
     </span>
     <span class='ocr_line' id='line_1_17' title="bbox 547 2297 3103 2382; baseline -0.001 -19"><span class='ocrx_word' id='word_1_136' title='bbox 547 2303 810 2377; x_wconf 78' lang='lat' dir='ltr'><strong>abbatiS,</strong></span> <span class='ocrx_word' id='word_1_137' title='bbox 845 2322 1010 2363; x_wconf 91' lang='lat' dir='ltr'><strong>anno</strong></span> <span class='ocrx_word' id='word_1_138' title='bbox 1043 2302 1276 2363; x_wconf 91' lang='lat' dir='ltr'><strong>domini</strong></span> <span class='ocrx_word' id='word_1_139' title='bbox 1315 2297 1706 2363; x_wconf 79' lang='lat' dir='ltr'><strong>millessimo⁸</strong></span> <span class='ocrx_word' id='word_1_140' title='bbox 1736 2301 2426 2382; x_wconf 80' lang='lat' dir='ltr'><strong>quadringentessimo⁹</strong></span> <span class='ocrx_word' id='word_1_141' title='bbox 2457 2303 2855 2382; x_wconf 86' lang='lat' dir='ltr'><strong>sexagesimo</strong></span> <span class='ocrx_word' id='word_1_142' title='bbox 2895 2302 3103 2363; x_wconf 81' lang='lat' dir='ltr'><strong>tercio.</strong></span> 
     </span>
    </p>
   </div>
   <div class='ocr_carea' id='block_1_5' title="bbox 543 2440 3107 2601">
    <p class='ocr_par' dir='ltr' id='par_1_5' title="bbox 543 2440 3107 2601">
     <span class='ocr_line' id='line_1_18' title="bbox 760 2440 3107 2511; baseline 0 -15"><span class='ocrx_word' id='word_1_143' title='bbox 760 2440 1045 2511; x_wconf 80' lang='lat' dir='ltr'><strong>Originale</strong></span> <span class='ocrx_word' id='word_1_144' title='bbox 1099 2442 1545 2509; x_wconf 84' lang='lat' dir='ltr'><strong>membraneum,</strong></span> <span class='ocrx_word' id='word_1_145' title='bbox 1601 2441 1924 2510; x_wconf 82' lang='lat' dir='ltr'><strong>appendent</strong></span> <span class='ocrx_word' id='word_1_146' title='bbox 1972 2442 2117 2496; x_wconf 85' lang='lat' dir='ltr'><strong>duae</strong></span> <span class='ocrx_word' id='word_1_147' title='bbox 2170 2455 2349 2496; x_wconf 84' lang='lat' dir='ltr'><strong>zonae</strong></span> <span class='ocrx_word' id='word_1_148' title='bbox 2396 2440 2645 2496; x_wconf 78' lang='lat' dir='ltr'><strong>sericeae</strong></span> <span class='ocrx_word' id='word_1_149' title='bbox 2698 2441 2853 2496; x_wconf 88' lang='lat' dir='ltr'><strong>rubri</strong></span> <span class='ocrx_word' id='word_1_150' title='bbox 2901 2441 3107 2497; x_wconf 78' lang='lat' dir='ltr'><strong>coloris</strong></span> 
     </span>
     <span class='ocr_line' id='line_1_19' title="bbox 543 2530 2253 2601; baseline 0.001 -17"><span class='ocrx_word' id='word_1_151' title='bbox 543 2533 758 2600; x_wconf 82' lang='lat' dir='ltr'><strong>absque</strong></span> <span class='ocrx_word' id='word_1_152' title='bbox 794 2531 995 2599; x_wconf 81' lang='lat' dir='ltr'><strong>sigillo.</strong></span> <span class='ocrx_word' id='word_1_153' title='bbox 1033 2532 1097 2585; x_wconf 90' lang='lat' dir='ltr'><strong>In</strong></span> <span class='ocrx_word' id='word_1_154' title='bbox 1134 2530 1368 2586; x_wconf 81' lang='lat' dir='ltr'><strong>archivo</strong></span> <span class='ocrx_word' id='word_1_155' title='bbox 1407 2547 1610 2586; x_wconf 83' lang='lat' dir='ltr'><strong>comm.</strong></span> <span class='ocrx_word' id='word_1_156' title='bbox 1651 2531 1781 2586; x_wconf 91' lang='lat' dir='ltr'><strong>nob.</strong></span> <span class='ocrx_word' id='word_1_157' title='bbox 1825 2531 1894 2585; x_wconf 89' lang='lat' dir='ltr'><strong>de</strong></span> <span class='ocrx_word' id='word_1_158' title='bbox 1931 2530 2253 2601; x_wconf 82' lang='lat' dir='ltr'><strong>Turopolje.</strong></span> 
     </span>
    </p>
   </div>
   <div class='ocr_carea' id='block_1_6' title="bbox 545 2640 970 2648">
    <p class='ocr_par' dir='ltr' id='par_1_6' title="bbox 545 2640 970 2648">
     <span class='ocr_line' id='line_1_20' title="bbox 545 2640 970 2648; baseline 0 2944"><span class='ocrx_word' id='word_1_159' title='bbox 545 2640 970 2648; x_wconf 95' lang='lat' dir='ltr'><strong> </strong></span> 
     </span>
    </p>
   </div>
   <div class='ocr_carea' id='block_1_7' title="bbox 542 2691 3104 2938">
    <p class='ocr_par' dir='ltr' id='par_1_7' title="bbox 542 2691 3104 2938">
     <span class='ocr_line' id='line_1_21' title="bbox 763 2691 3104 2762; baseline 0 -16"><span class='ocrx_word' id='word_1_160' title='bbox 763 2692 776 2722; x_wconf 85' lang='lat'><strong>¹</strong></span> <span class='ocrx_word' id='word_1_161' title='bbox 814 2691 896 2747; x_wconf 77' lang='lat' dir='ltr'><strong>sic</strong></span> <span class='ocrx_word' id='word_1_162' title='bbox 935 2691 1111 2759; x_wconf 85' lang='lat' dir='ltr'><strong>(filie).</strong></span> <span class='ocrx_word' id='word_1_163' title='bbox 1189 2692 1209 2722; x_wconf 81' lang='lat'>²</span> <span class='ocrx_word' id='word_1_164' title='bbox 1247 2692 1520 2746; x_wconf 77' lang='lat' dir='ltr'><strong>terminus</strong></span> <span class='ocrx_word' id='word_1_165' title='bbox 1562 2692 2025 2762; x_wconf 76' lang='lat' dir='ltr'><strong>»statucionem«,</strong></span> <span class='ocrx_word' id='word_1_166' title='bbox 2074 2692 2165 2762; x_wconf 83' lang='lat' dir='ltr'><strong>qui</strong></span> <span class='ocrx_word' id='word_1_167' title='bbox 2220 2692 2380 2762; x_wconf 84' lang='lat' dir='ltr'><strong>sequi</strong></span> <span class='ocrx_word' id='word_1_168' title='bbox 2429 2693 2670 2761; x_wconf 80' lang='lat' dir='ltr'><strong>deberet,</strong></span> <span class='ocrx_word' id='word_1_169' title='bbox 2712 2693 2883 2747; x_wconf 83' lang='lat' dir='ltr'><strong>deest.</strong></span> <span class='ocrx_word' id='word_1_170' title='bbox 2962 2693 2982 2722; x_wconf 80' lang='lat'>⁸</span> <span class='ocrx_word' id='word_1_171' title='bbox 3020 2691 3104 2747; x_wconf 76' lang='lat' dir='ltr'><strong>sic</strong></span> 
     </span>
     <span class='ocr_line' id='line_1_22' title="bbox 543 2779 3103 2850; baseline 0 -15"><span class='ocrx_word' id='word_1_172' title='bbox 543 2779 778 2850; x_wconf 87' lang='lat' dir='ltr'><strong>(iidem).</strong></span> <span class='ocrx_word' id='word_1_173' title='bbox 855 2781 878 2810; x_wconf 88' lang='lat'><strong>⁴</strong></span> <span class='ocrx_word' id='word_1_174' title='bbox 917 2780 1258 2850; x_wconf 78' lang='lat' dir='ltr'><strong>»Gregorii«,</strong></span> <span class='ocrx_word' id='word_1_175' title='bbox 1278 2781 1452 2836; x_wconf 84' lang='lat' dir='ltr'><strong>deest.</strong></span> <span class='ocrx_word' id='word_1_176' title='bbox 1533 2781 1551 2809; x_wconf 73' lang='lat'>⁵</span> <span class='ocrx_word' id='word_1_177' title='bbox 1589 2780 1672 2835; x_wconf 85' lang='lat' dir='ltr'><strong>sic</strong></span> <span class='ocrx_word' id='word_1_178' title='bbox 1695 2781 2059 2844; x_wconf 77' lang='lat' dir='ltr'><strong>(continentis</strong></span> <span class='ocrx_word' id='word_1_179' title='bbox 2087 2785 2228 2836; x_wconf 79' lang='lat' dir='ltr'><strong>etse</strong></span> <span class='ocrx_word' id='word_1_180' title='bbox 2256 2782 2663 2844; x_wconf 82' lang='lat' dir='ltr'><strong>extendentis).-</strong></span> <span class='ocrx_word' id='word_1_181' title='bbox 2722 2783 2743 2812; x_wconf 80' lang='lat'><em>⁰</em></span> <span class='ocrx_word' id='word_1_182' title='bbox 2776 2781 2878 2837; x_wconf 76' lang='lat' dir='ltr'><strong>sic.</strong></span> <span class='ocrx_word' id='word_1_183' title='bbox 2956 2783 2975 2810; x_wconf 88' lang='lat'><strong>&#39;¹</strong></span> <span class='ocrx_word' id='word_1_184' title='bbox 3021 2780 3103 2837; x_wconf 74' lang='lat' dir='ltr'><strong>sic</strong></span> 
     </span>
     <span class='ocr_line' id='line_1_23' title="bbox 542 2871 1261 2938; baseline 0.004 -14"><span class='ocrx_word' id='word_1_185' title='bbox 542 2871 792 2938; x_wconf 78' lang='lat' dir='ltr'><strong>(senilis).</strong></span> <span class='ocrx_word' id='word_1_186' title='bbox 869 2873 890 2900; x_wconf 82' lang='lat'>⁸</span> <span class='ocrx_word' id='word_1_187' title='bbox 927 2872 1027 2926; x_wconf 76' lang='lat' dir='ltr'><strong>sic.</strong></span> <span class='ocrx_word' id='word_1_188' title='bbox 1105 2873 1125 2900; x_wconf 81' lang='lat'><strong>⁹</strong></span> <span class='ocrx_word' id='word_1_189' title='bbox 1162 2871 1261 2927; x_wconf 77' lang='lat' dir='ltr'><strong>sic..</strong></span> 
     </span>
    </p>
   </div>
   <div class='ocr_carea' id='block_1_8' title="bbox 1721 3175 1932 3246">
    <p class='ocr_par' dir='ltr' id='par_1_8' title="bbox 1721 3175 1932 3246">
     <span class='ocr_line' id='line_1_24' title="bbox 1721 3175 1932 3246; baseline -0.009 0"><span class='ocrx_word' id='word_1_190' title='bbox 1721 3175 1932 3246; x_wconf 76' lang='lat'>³42.</span> 
     </span>
    </p>
   </div>
   <div class='ocr_carea' id='block_1_9' title="bbox 752 3373 2029 3455">
    <p class='ocr_par' dir='ltr' id='par_1_9' title="bbox 752 3373 2029 3455">
     <span class='ocr_line' id='line_1_25' title="bbox 752 3373 2029 3455; baseline 0.002 -21"><span class='ocrx_word' id='word_1_191' title='bbox 752 3375 938 3435; x_wconf 88' lang='lat' dir='ltr'><strong>Anno</strong></span> <span class='ocrx_word' id='word_1_192' title='bbox 995 3373 1178 3436; x_wconf 90' lang='grc'><strong>1463.</strong></span> <span class='ocrx_word' id='word_1_193' title='bbox 1235 3374 1330 3437; x_wconf 93' lang='lat' dir='ltr'><strong>ll.</strong></span> <span class='ocrx_word' id='word_1_194' title='bbox 1380 3375 1606 3455; x_wconf 80' lang='lat' dir='ltr'><strong>apriliS.</strong></span> <span class='ocrx_word' id='word_1_195' title='bbox 1657 3376 2029 3455; x_wconf 87' lang='lat' dir='ltr'><strong>Zagrabiae.</strong></span> 
     </span>
    </p>
   </div>
   <div class='ocr_carea' id='block_1_10' title="bbox 531 3581 3102 4098">
    <p class='ocr_par' dir='ltr' id='par_1_10' title="bbox 543 3581 3102 3670">
     <span class='ocr_line' id='line_1_26' title="bbox 543 3581 3102 3670; baseline -0 -21"><span class='ocrx_word' id='word_1_196' title='bbox 543 3584 793 3649; x_wconf 86' lang='lat' dir='ltr'><strong>Coram</strong></span> <span class='ocrx_word' id='word_1_197' title='bbox 821 3583 1036 3650; x_wconf 85' lang='lat' dir='ltr'><strong>Ianko</strong></span> <span class='ocrx_word' id='word_1_198' title='bbox 1057 3585 1140 3650; x_wconf 88' lang='lat' dir='ltr'><strong>de</strong></span> <span class='ocrx_word' id='word_1_199' title='bbox 1157 3583 1588 3670; x_wconf 80' lang='lat' dir='ltr'><strong>Mykchowch</strong></span> <span class='ocrx_word' id='word_1_200' title='bbox 1615 3585 1864 3649; x_wconf 80' lang='lat' dir='ltr'><strong>comite</strong></span> <span class='ocrx_word' id='word_1_201' title='bbox 1884 3584 2132 3669; x_wconf 81' lang='lat' dir='ltr'><strong>Campi</strong></span> <span class='ocrx_word' id='word_1_202' title='bbox 2163 3581 2658 3670; x_wconf 58' lang='lat' dir='ltr'><strong>Zagvabiensis</strong></span> <span class='ocrx_word' id='word_1_203' title='bbox 2680 3605 2762 3648; x_wconf 89' lang='lat' dir='ltr'><strong>ac</strong></span> <span class='ocrx_word' id='word_1_204' title='bbox 2802 3582 3023 3669; x_wconf 79' lang='lat' dir='ltr'><strong>Georg</strong></span> <span class='ocrx_word' id='word_1_205' title='bbox 3035 3586 3102 3648; x_wconf 87' lang='lat' dir='ltr'><strong>io</strong></span> 
     </span>
    </p>

    <p class='ocr_par' dir='ltr' id='par_1_11' title="bbox 537 3687 3098 3776">
     <span class='ocr_line' id='line_1_27' title="bbox 537 3687 3098 3776; baseline -0.001 -19"><span class='ocrx_word' id='word_1_206' title='bbox 537 3692 620 3757; x_wconf 82' lang='lat' dir='ltr'><strong>de</strong></span> <span class='ocrx_word' id='word_1_207' title='bbox 670 3691 890 3770; x_wconf 84' lang='lat' dir='ltr'><strong>Plezo,</strong></span> <span class='ocrx_word' id='word_1_208' title='bbox 939 3693 1185 3758; x_wconf 80' lang='lat' dir='ltr'><strong>comite</strong></span> <span class='ocrx_word' id='word_1_209' title='bbox 1232 3696 1392 3759; x_wconf 80' lang='lat' dir='ltr'><strong>terr.</strong></span> <span class='ocrx_word' id='word_1_210' title='bbox 1440 3687 1746 3756; x_wconf 72' lang='lat' dir='ltr'><strong>eiusdem</strong></span> <span class='ocrx_word' id='word_1_211' title='bbox 1785 3691 2050 3776; x_wconf 81' lang='lat' dir='ltr'><strong>Campi,</strong></span> <span class='ocrx_word' id='word_1_212' title='bbox 2082 3691 2370 3756; x_wconf 84' lang='lat' dir='ltr'><strong>domina</strong></span> <span class='ocrx_word' id='word_1_213' title='bbox 2416 3691 2653 3756; x_wconf 70' lang='lat' dir='ltr'><strong>Kussa</strong></span> <span class='ocrx_word' id='word_1_214' title='bbox 2688 3691 2856 3776; x_wconf 82' lang='lat' dir='ltr'><strong>filia</strong></span> <span class='ocrx_word' id='word_1_215' title='bbox 2902 3691 3098 3755; x_wconf 84' lang='lat' dir='ltr'><strong>Petri</strong></span> 
     </span>
    </p>

    <p class='ocr_par' dir='ltr' id='par_1_12' title="bbox 537 3797 3097 3885">
     <span class='ocr_line' id='line_1_28' title="bbox 537 3797 3097 3885; baseline -0.001 -21"><span class='ocrx_word' id='word_1_216' title='bbox 537 3798 774 3884; x_wconf 78' lang='lat' dir='ltr'><strong>Sugoz</strong></span> <span class='ocrx_word' id='word_1_217' title='bbox 818 3799 900 3864; x_wconf 89' lang='lat' dir='ltr'><strong>de</strong></span> <span class='ocrx_word' id='word_1_218' title='bbox 938 3799 1150 3885; x_wconf 85' lang='lat' dir='ltr'><strong>Infer.</strong></span> <span class='ocrx_word' id='word_1_219' title='bbox 1200 3800 1639 3884; x_wconf 80' lang='lat' dir='ltr'><strong>Lompnycza</strong></span> <span class='ocrx_word' id='word_1_220' title='bbox 1666 3803 1732 3864; x_wconf 80' lang='lat' dir='ltr'><strong>et</strong></span> <span class='ocrx_word' id='word_1_221' title='bbox 1759 3799 2133 3864; x_wconf 79' lang='lat' dir='ltr'><strong>Emericus</strong></span> <span class='ocrx_word' id='word_1_222' title='bbox 2165 3797 2375 3882; x_wconf 82' lang='lat' dir='ltr'><strong>filius</strong></span> <span class='ocrx_word' id='word_1_223' title='bbox 2417 3798 2861 3864; x_wconf 80' lang='lat' dir='ltr'><strong>Elizabethae</strong></span> <span class='ocrx_word' id='word_1_224' title='bbox 2894 3797 3097 3882; x_wconf 83' lang='lat' dir='ltr'><strong>filiae</strong></span> 
     </span>
    </p>

    <p class='ocr_par' dir='ltr' id='par_1_13' title="bbox 531 3905 3094 4098">
     <span class='ocr_line' id='line_1_29' title="bbox 531 3905 3094 3993; baseline -0 -22"><span class='ocrx_word' id='word_1_225' title='bbox 531 3907 706 3972; x_wconf 80' lang='lat' dir='ltr'><strong>dicti</strong></span> <span class='ocrx_word' id='word_1_226' title='bbox 757 3907 948 3973; x_wconf 83' lang='lat' dir='ltr'><strong>Petri</strong></span> <span class='ocrx_word' id='word_1_227' title='bbox 994 3907 1286 3993; x_wconf 79' lang='lat' dir='ltr'><strong>Sugocz,</strong></span> <span class='ocrx_word' id='word_1_228' title='bbox 1333 3909 1612 3972; x_wconf 84' lang='lat' dir='ltr'><strong>vineam</strong></span> <span class='ocrx_word' id='word_1_229' title='bbox 1658 3928 1863 3972; x_wconf 82' lang='lat' dir='ltr'><strong>suam</strong></span> <span class='ocrx_word' id='word_1_230' title='bbox 1912 3908 1993 3972; x_wconf 85' lang='lat' dir='ltr'><strong>in</strong></span> <span class='ocrx_word' id='word_1_231' title='bbox 2040 3906 2527 3971; x_wconf 83' lang='lat' dir='ltr'><strong>Kostanewecz</strong></span> <span class='ocrx_word' id='word_1_232' title='bbox 2566 3905 2925 3971; x_wconf 81' lang='lat' dir='ltr'><strong>duodecim</strong></span> <span class='ocrx_word' id='word_1_233' title='bbox 2973 3905 3094 3987; x_wconf 82' lang='lat' dir='ltr'><strong>flo-</strong></span> 
     </span>
     <span class='ocr_line' id='line_1_30' title="bbox 1171 4013 2463 4098; baseline 0.002 -21"><span class='ocrx_word' id='word_1_234' title='bbox 1171 4014 1365 4079; x_wconf 82' lang='lat' dir='ltr'><strong>renis</strong></span> <span class='ocrx_word' id='word_1_235' title='bbox 1411 4014 1655 4079; x_wconf 79' lang='lat' dir='ltr'><strong>Blasio</strong></span> <span class='ocrx_word' id='word_1_236' title='bbox 1703 4013 2093 4098; x_wconf 79' lang='lat' dir='ltr'><strong>Pogledech,</strong></span> <span class='ocrx_word' id='word_1_237' title='bbox 2138 4014 2463 4079; x_wconf 79' lang='lat' dir='ltr'><strong>vendunt.</strong></span> 
     </span>
    </p>
   </div>
   <div class='ocr_carea' id='block_1_11' title="bbox 532 4227 3095 5058">
    <p class='ocr_par' dir='ltr' id='par_1_14' title="bbox 532 4227 3095 5058">
     <span class='ocr_line' id='line_1_31' title="bbox 743 4227 3093 4309; baseline -0.002 -18"><span class='ocrx_word' id='word_1_238' title='bbox 743 4231 876 4291; x_wconf 88' lang='lat' dir='ltr'><strong>Nos</strong></span> <span class='ocrx_word' id='word_1_239' title='bbox 900 4231 1094 4291; x_wconf 89' lang='lat' dir='ltr'><strong>Ianko</strong></span> <span class='ocrx_word' id='word_1_240' title='bbox 1128 4231 1206 4294; x_wconf 89' lang='lat' dir='ltr'><strong>de</strong></span> <span class='ocrx_word' id='word_1_241' title='bbox 1239 4229 1654 4308; x_wconf 89' lang='lat' dir='ltr'><strong>Mykchowch</strong></span> <span class='ocrx_word' id='word_1_242' title='bbox 1680 4248 1892 4290; x_wconf 90' lang='lat' dir='ltr'><strong>comes</strong></span> <span class='ocrx_word' id='word_1_243' title='bbox 1925 4229 2152 4307; x_wconf 91' lang='lat' dir='ltr'><strong>Campi</strong></span> <span class='ocrx_word' id='word_1_244' title='bbox 2182 4228 2647 4309; x_wconf 85' lang='lat' dir='ltr'><strong>Zagrabyensis</strong></span> <span class='ocrx_word' id='word_1_245' title='bbox 2686 4237 2749 4288; x_wconf 91' lang='lat' dir='ltr'><strong>et</strong></span> <span class='ocrx_word' id='word_1_246' title='bbox 2779 4227 3093 4307; x_wconf 81' lang='lat' dir='ltr'><strong>Georgius</strong></span> 
     </span>
     <span class='ocr_line' id='line_1_32' title="bbox 533 4333 3090 4415; baseline -0.001 -19"><span class='ocrx_word' id='word_1_247' title='bbox 533 4336 692 4397; x_wconf 89' lang='lat' dir='ltr'><strong>filius</strong></span> <span class='ocrx_word' id='word_1_248' title='bbox 740 4339 1006 4398; x_wconf 88' lang='lat' dir='ltr'><strong>condam</strong></span> <span class='ocrx_word' id='word_1_249' title='bbox 1054 4335 1352 4398; x_wconf 88' lang='lat' dir='ltr'><strong>Anthonii</strong></span> <span class='ocrx_word' id='word_1_250' title='bbox 1399 4338 1477 4399; x_wconf 92' lang='lat' dir='ltr'><strong>de</strong></span> <span class='ocrx_word' id='word_1_251' title='bbox 1523 4338 1712 4398; x_wconf 86' lang='lat' dir='ltr'><strong>Plezo</strong></span> <span class='ocrx_word' id='word_1_252' title='bbox 1745 4355 1957 4398; x_wconf 87' lang='lat' dir='ltr'><strong>comes</strong></span> <span class='ocrx_word' id='word_1_253' title='bbox 2004 4335 2314 4396; x_wconf 88' lang='lat' dir='ltr'><strong>terrestris</strong></span> <span class='ocrx_word' id='word_1_254' title='bbox 2346 4333 2573 4413; x_wconf 88' lang='lat' dir='ltr'><strong>Campi</strong></span> <span class='ocrx_word' id='word_1_255' title='bbox 2618 4334 3090 4415; x_wconf 84' lang='lat' dir='ltr'><strong>Zagrabyensis</strong></span> 
     </span>
     <span class='ocr_line' id='line_1_33' title="bbox 532 4443 3095 4524; baseline -0.001 -20"><span class='ocrx_word' id='word_1_256' title='bbox 532 4446 837 4506; x_wconf 81' lang='lat' dir='ltr'><strong>memorie</strong></span> <span class='ocrx_word' id='word_1_257' title='bbox 884 4447 1397 4506; x_wconf 87' lang='lat' dir='ltr'><strong>commendamus</strong></span> <span class='ocrx_word' id='word_1_258' title='bbox 1447 4454 1660 4505; x_wconf 89' lang='lat' dir='ltr'><strong>tenore</strong></span> <span class='ocrx_word' id='word_1_259' title='bbox 1703 4444 2098 4523; x_wconf 89' lang='lat' dir='ltr'><strong>presencium</strong></span> <span class='ocrx_word' id='word_1_260' title='bbox 2132 4443 2559 4524; x_wconf 85' lang='lat' dir='ltr'><strong>significantes</strong></span> <span class='ocrx_word' id='word_1_261' title='bbox 2592 4443 2816 4523; x_wconf 91' lang='lat' dir='ltr'><strong>quibus</strong></span> <span class='ocrx_word' id='word_1_262' title='bbox 2847 4443 3095 4520; x_wconf 86' lang='lat' dir='ltr'><strong>expedit</strong></span> 
     </span>
     <span class='ocr_line' id='line_1_34' title="bbox 533 4549 3091 4632; baseline -0.002 -19"><span class='ocrx_word' id='word_1_263' title='bbox 533 4552 858 4629; x_wconf 75' lang='lat' dir='ltr'><strong>universiS,</strong></span> <span class='ocrx_word' id='word_1_264' title='bbox 905 4555 1072 4632; x_wconf 92' lang='lat' dir='ltr'><strong>quod</strong></span> <span class='ocrx_word' id='word_1_265' title='bbox 1119 4551 1341 4613; x_wconf 89' lang='lat' dir='ltr'><strong>nobilis</strong></span> <span class='ocrx_word' id='word_1_266' title='bbox 1389 4553 1640 4612; x_wconf 88' lang='lat' dir='ltr'><strong>domina</strong></span> <span class='ocrx_word' id='word_1_267' title='bbox 1672 4552 1885 4613; x_wconf 89' lang='lat' dir='ltr'><strong>Kussa</strong></span> <span class='ocrx_word' id='word_1_268' title='bbox 1929 4559 2174 4626; x_wconf 86' lang='lat' dir='ltr'><strong>vocata,</strong></span> <span class='ocrx_word' id='word_1_269' title='bbox 2208 4551 2333 4612; x_wconf 86' lang='lat' dir='ltr'><strong>filia</strong></span> <span class='ocrx_word' id='word_1_270' title='bbox 2362 4550 2630 4611; x_wconf 88' lang='lat' dir='ltr'><strong>condam</strong></span> <span class='ocrx_word' id='word_1_271' title='bbox 2674 4549 2843 4610; x_wconf 90' lang='lat' dir='ltr'><strong>Petri</strong></span> <span class='ocrx_word' id='word_1_272' title='bbox 2876 4549 3091 4630; x_wconf 85' lang='lat' dir='ltr'><strong>Sugoz</strong></span> 
     </span>
     <span class='ocr_line' id='line_1_35' title="bbox 534 4656 3089 4738; baseline -0.001 -20"><span class='ocrx_word' id='word_1_273' title='bbox 534 4659 744 4720; x_wconf 89' lang='lat' dir='ltr'><strong>vocati</strong></span> <span class='ocrx_word' id='word_1_274' title='bbox 790 4660 868 4719; x_wconf 90' lang='lat' dir='ltr'><strong>de</strong></span> <span class='ocrx_word' id='word_1_275' title='bbox 914 4659 1193 4720; x_wconf 90' lang='lat' dir='ltr'><strong>Inferiori</strong></span> <span class='ocrx_word' id='word_1_276' title='bbox 1239 4660 1700 4738; x_wconf 89' lang='lat' dir='ltr'><strong>Lomppnycza,</strong></span> <span class='ocrx_word' id='word_1_277' title='bbox 1746 4659 2070 4719; x_wconf 88' lang='lat' dir='ltr'><strong>Emericus</strong></span> <span class='ocrx_word' id='word_1_278' title='bbox 2118 4659 2279 4719; x_wconf 90' lang='lat' dir='ltr'><strong>filius</strong></span> <span class='ocrx_word' id='word_1_279' title='bbox 2328 4658 2577 4718; x_wconf 92' lang='lat' dir='ltr'><strong>domine</strong></span> <span class='ocrx_word' id='word_1_280' title='bbox 2639 4657 2922 4716; x_wconf 88' lang='lat' dir='ltr'><strong>Elizabet</strong></span> <span class='ocrx_word' id='word_1_281' title='bbox 2968 4656 3089 4716; x_wconf 90' lang='lat' dir='ltr'><strong>filie</strong></span> 
     </span>
     <span class='ocr_line' id='line_1_36' title="bbox 532 4763 3088 4846; baseline -0.001 -21"><span class='ocrx_word' id='word_1_282' title='bbox 532 4765 758 4844; x_wconf 89' lang='lat' dir='ltr'><strong>prefati</strong></span> <span class='ocrx_word' id='word_1_283' title='bbox 806 4765 975 4826; x_wconf 88' lang='lat' dir='ltr'><strong>Petri</strong></span> <span class='ocrx_word' id='word_1_284' title='bbox 1021 4766 1236 4846; x_wconf 87' lang='lat' dir='ltr'><strong>Sugoz</strong></span> <span class='ocrx_word' id='word_1_285' title='bbox 1285 4767 1362 4826; x_wconf 86' lang='lat' dir='ltr'><strong>de</strong></span> <span class='ocrx_word' id='word_1_286' title='bbox 1411 4766 1650 4840; x_wconf 89' lang='lat' dir='ltr'><strong>eadem,</strong></span> <span class='ocrx_word' id='word_1_287' title='bbox 1697 4766 1761 4825; x_wconf 91' lang='lat' dir='ltr'><strong>in</strong></span> <span class='ocrx_word' id='word_1_288' title='bbox 1809 4766 1938 4825; x_wconf 90' lang='lat' dir='ltr'><strong>suis</strong></span> <span class='ocrx_word' id='word_1_289' title='bbox 1988 4775 2049 4825; x_wconf 92' lang='lat' dir='ltr'><strong>et</strong></span> <span class='ocrx_word' id='word_1_290' title='bbox 2094 4765 2527 4825; x_wconf 85' lang='lat' dir='ltr'><strong>universorum</strong></span> <span class='ocrx_word' id='word_1_291' title='bbox 2576 4763 2839 4822; x_wconf 88' lang='lat' dir='ltr'><strong>filiorum</strong></span> <span class='ocrx_word' id='word_1_292' title='bbox 2874 4781 2949 4822; x_wconf 91' lang='lat' dir='ltr'><strong>ac</strong></span> <span class='ocrx_word' id='word_1_293' title='bbox 2982 4763 3088 4822; x_wconf 91' lang='lat' dir='ltr'><strong>he-</strong></span> 
     </span>
     <span class='ocr_line' id='line_1_37' title="bbox 534 4861 3091 4951; baseline -0.002 -19"><span class='ocrx_word' id='word_1_294' title='bbox 534 4873 752 4932; x_wconf 90' lang='lat' dir='ltr'><strong>redum</strong></span> <span class='ocrx_word' id='word_1_295' title='bbox 815 4891 1072 4932; x_wconf 91' lang='lat' dir='ltr'><strong>suorum</strong></span> <span class='ocrx_word' id='word_1_296' title='bbox 1132 4872 1432 4951; x_wconf 80' lang='lat' dir='ltr'><strong>personiS,</strong></span> <span class='ocrx_word' id='word_1_297' title='bbox 1497 4872 1789 4932; x_wconf 82' lang='lat' dir='ltr'><strong>oneribus</strong></span> <span class='ocrx_word' id='word_1_298' title='bbox 1854 4880 1916 4931; x_wconf 91' lang='lat' dir='ltr'><strong>et</strong></span> <span class='ocrx_word' id='word_1_299' title='bbox 1976 4870 2445 4951; x_wconf 89' lang='lat' dir='ltr'><strong>gravaminibus</strong></span> <span class='ocrx_word' id='word_1_300' title='bbox 2505 4861 2566 4929; x_wconf 91' lang='lat' dir='ltr'><strong>in</strong></span> <span class='ocrx_word' id='word_1_301' title='bbox 2632 4887 2701 4930; x_wconf 89' lang='lat' dir='ltr'><strong>se</strong></span> <span class='ocrx_word' id='word_1_302' title='bbox 2762 4869 2932 4947; x_wconf 90' lang='lat' dir='ltr'><strong>ipsos</strong></span> <span class='ocrx_word' id='word_1_303' title='bbox 2978 4887 3091 4947; x_wconf 88' lang='lat' dir='ltr'><strong>per</strong></span> 
     </span>
     <span class='ocr_line' id='line_1_38' title="bbox 535 4974 3083 5058; baseline -0.002 -19"><span class='ocrx_word' id='word_1_304' title='bbox 535 4979 747 5040; x_wconf 90' lang='lat' dir='ltr'><strong>omnia</strong></span> <span class='ocrx_word' id='word_1_305' title='bbox 794 4974 1344 5058; x_wconf 86' lang='lat' dir='ltr'><strong>assumpmentes&#39;,</strong></span> <span class='ocrx_word' id='word_1_306' title='bbox 1409 4979 1488 5038; x_wconf 90' lang='lat' dir='ltr'><strong>ad</strong></span> <span class='ocrx_word' id='word_1_307' title='bbox 1551 4988 1828 5038; x_wconf 87' lang='lat' dir='ltr'><strong>nostram</strong></span> <span class='ocrx_word' id='word_1_308' title='bbox 1878 4977 2289 5057; x_wconf 87' lang='lat' dir='ltr'><strong>personaliter</strong></span> <span class='ocrx_word' id='word_1_309' title='bbox 2334 4977 2641 5036; x_wconf 89' lang='lat' dir='ltr'><strong>veniendo</strong></span> <span class='ocrx_word' id='word_1_310' title='bbox 2691 4976 3083 5054; x_wconf 88' lang='lat' dir='ltr'><strong>presenciam</strong></span> 
     </span>
    </p>
   </div>
  </div>
 </body>
</html>
