<?xml version="1.0" encoding="UTF-8"?>
<!DOCTYPE html PUBLIC "-//W3C//DTD XHTML 1.0 Transitional//EN"
    "http://www.w3.org/TR/xhtml1/DTD/xhtml1-transitional.dtd">
<html xmlns="http://www.w3.org/1999/xhtml" xml:lang="en" lang="en">
 <head>
  <title>
</title>
<meta http-equiv="Content-Type" content="text/html;charset=utf-8" />
  <meta name='ocr-system' content='tesseract 3.04.00' />
  <meta name='ocr-capabilities' content='ocr_page ocr_carea ocr_par ocr_line ocrx_word'/>
</head>
<body>
  <div class='ocr_page' id='page_1' title='image "./povjesnispomeni01laszgoog_0255.png"; bbox 0 0 3917 5592; ppageno 0'>
   <div class='ocr_carea' id='block_1_1' title="bbox 2989 471 3119 534">
    <p class='ocr_par' dir='ltr' id='par_1_1' title="bbox 2989 471 3119 534">
     <span class='ocr_line' id='line_1_1' title="bbox 2989 471 3119 534; baseline 0.023 -3"><span class='ocrx_word' id='word_1_1' title='bbox 2989 471 3119 534; x_wconf 90' lang='grc'><em>205</em></span> 
     </span>
    </p>
   </div>
   <div class='ocr_carea' id='block_1_2' title="bbox 778 897 1625 960">
    <p class='ocr_par' dir='ltr' id='par_1_2' title="bbox 778 897 1625 960">
     <span class='ocr_line' id='line_1_2' title="bbox 778 897 1625 960; baseline -0.004 0"><span class='ocrx_word' id='word_1_2' title='bbox 778 900 963 960; x_wconf 90' lang='lat' dir='ltr'><em>Anno</em></span> <span class='ocrx_word' id='word_1_3' title='bbox 1019 898 1203 959; x_wconf 85' lang='lat'><strong>1427.</strong></span> <span class='ocrx_word' id='word_1_4' title='bbox 1255 897 1357 958; x_wconf 82' lang='lat'><em>21.</em></span> <span class='ocrx_word' id='word_1_5' title='bbox 1406 898 1625 958; x_wconf 88' lang='lat' dir='ltr'><em>martii.</em></span> 
     </span>
    </p>
   </div>
   <div class='ocr_carea' id='block_1_3' title="bbox 566 1108 3126 1410">
    <p class='ocr_par' dir='ltr' id='par_1_3' title="bbox 566 1108 3126 1410">
     <span class='ocr_line' id='line_1_3' title="bbox 571 1108 3115 1198; baseline 0 -22"><span class='ocrx_word' id='word_1_6' title='bbox 571 1111 825 1177; x_wconf 82' lang='lat' dir='ltr'><em>Coram</em></span> <span class='ocrx_word' id='word_1_7' title='bbox 871 1109 1241 1175; x_wconf 84' lang='lat' dir='ltr'><em>Benedicto</em></span> <span class='ocrx_word' id='word_1_8' title='bbox 1277 1108 1440 1193; x_wconf 80' lang='lat' dir='ltr'><em>filio</em></span> <span class='ocrx_word' id='word_1_9' title='bbox 1498 1108 1781 1173; x_wconf 85' lang='lat' dir='ltr'><em>Nicolai</em></span> <span class='ocrx_word' id='word_1_10' title='bbox 1843 1111 2091 1179; x_wconf 80' lang='lat' dir='ltr'><em>comite</em></span> <span class='ocrx_word' id='word_1_11' title='bbox 2155 1112 2472 1176; x_wconf 77' lang='lat' dir='ltr'><em>terrestri</em></span> <span class='ocrx_word' id='word_1_12' title='bbox 2545 1110 2793 1196; x_wconf 79' lang='lat' dir='ltr'><em>Campi</em></span> <span class='ocrx_word' id='word_1_13' title='bbox 2857 1112 3115 1198; x_wconf 75' lang='lat' dir='ltr'><em>Zagra·</em></span> 
     </span>
     <span class='ocr_line' id='line_1_4' title="bbox 566 1215 3126 1301; baseline 0.001 -19"><span class='ocrx_word' id='word_1_14' title='bbox 566 1218 721 1283; x_wconf 87' lang='lat' dir='ltr'><em>bien</em></span> <span class='ocrx_word' id='word_1_15' title='bbox 732 1218 847 1293; x_wconf 66' lang='lat' dir='ltr'><em>siS,</em></span> <span class='ocrx_word' id='word_1_16' title='bbox 892 1216 1162 1301; x_wconf 56' lang='lat' dir='ltr'><em>Wynke,</em></span> <span class='ocrx_word' id='word_1_17' title='bbox 1178 1216 1413 1281; x_wconf 81' lang='lat' dir='ltr'><em>Elena</em></span> <span class='ocrx_word' id='word_1_18' title='bbox 1444 1219 1508 1279; x_wconf 88' lang='lat' dir='ltr'><em>et</em></span> <span class='ocrx_word' id='word_1_19' title='bbox 1532 1215 1985 1301; x_wconf 72' lang='lat' dir='ltr'><em>Margaretlza</em></span> <span class='ocrx_word' id='word_1_20' title='bbox 2003 1215 2210 1301; x_wconf 82' lang='lat' dir='ltr'><em>filiae</em></span> <span class='ocrx_word' id='word_1_21' title='bbox 2237 1216 2682 1294; x_wconf 81' lang='lat' dir='ltr'><em>Chernkonis,</em></span> <span class='ocrx_word' id='word_1_22' title='bbox 2711 1223 2935 1284; x_wconf 84' lang='lat' dir='ltr'><em>terras</em></span> <span class='ocrx_word' id='word_1_23' title='bbox 2955 1241 3126 1284; x_wconf 83' lang='lat' dir='ltr'><em>suas</em></span> 
     </span>
     <span class='ocr_line' id='line_1_5' title="bbox 566 1323 3125 1410; baseline 0 -19"><span class='ocrx_word' id='word_1_24' title='bbox 566 1325 1035 1410; x_wconf 78' lang='lat' dir='ltr'><em>emptionales,</em></span> <span class='ocrx_word' id='word_1_25' title='bbox 1084 1324 1357 1388; x_wconf 85' lang='lat' dir='ltr'><em>Brictio</em></span> <span class='ocrx_word' id='word_1_26' title='bbox 1403 1327 1468 1388; x_wconf 84' lang='lat' dir='ltr'><em>et</em></span> <span class='ocrx_word' id='word_1_27' title='bbox 1523 1323 1764 1388; x_wconf 74' lang='lat' dir='ltr'><em>Blasio</em></span> <span class='ocrx_word' id='word_1_28' title='bbox 1799 1324 1991 1408; x_wconf 82' lang='lat' dir='ltr'><em>filiis</em></span> <span class='ocrx_word' id='word_1_29' title='bbox 2035 1326 2310 1390; x_wconf 75' lang='lat' dir='ltr'><em>sororis</em></span> <span class='ocrx_word' id='word_1_30' title='bbox 2371 1326 2692 1410; x_wconf 77' lang='lat' dir='ltr'><em>ipsarum</em></span> <span class='ocrx_word' id='word_1_31' title='bbox 2741 1327 3125 1395; x_wconf 79' lang='lat' dir='ltr'><em>remittunt.</em></span> 
     </span>
    </p>
   </div>
   <div class='ocr_carea' id='block_1_4' title="bbox 561 1542 3132 5063">
    <p class='ocr_par' dir='ltr' id='par_1_4' title="bbox 561 1542 3132 5063">
     <span class='ocr_line' id='line_1_6' title="bbox 778 1542 3124 1626; baseline 0.001 -23"><span class='ocrx_word' id='word_1_32' title='bbox 778 1544 913 1603; x_wconf 90' lang='lat' dir='ltr'><em>Nos</em></span> <span class='ocrx_word' id='word_1_33' title='bbox 959 1544 1337 1604; x_wconf 85' lang='lat' dir='ltr'><em>Benedictus</em></span> <span class='ocrx_word' id='word_1_34' title='bbox 1386 1542 1544 1602; x_wconf 86' lang='lat' dir='ltr'><em>filius</em></span> <span class='ocrx_word' id='word_1_35' title='bbox 1592 1542 1835 1602; x_wconf 89' lang='lat' dir='ltr'><em>Nicolai</em></span> <span class='ocrx_word' id='word_1_36' title='bbox 1908 1562 2122 1602; x_wconf 90' lang='lat' dir='ltr'><em>comes</em></span> <span class='ocrx_word' id='word_1_37' title='bbox 2198 1545 2509 1604; x_wconf 88' lang='lat' dir='ltr'><em>terrestris</em></span> <span class='ocrx_word' id='word_1_38' title='bbox 2584 1545 2811 1624; x_wconf 89' lang='lat' dir='ltr'><em>Campi</em></span> <span class='ocrx_word' id='word_1_39' title='bbox 2886 1548 3124 1626; x_wconf 87' lang='lat' dir='ltr'><em>Zagra-</em></span> 
     </span>
     <span class='ocr_line' id='line_1_7' title="bbox 566 1650 3121 1733; baseline 0.001 -24"><span class='ocrx_word' id='word_1_40' title='bbox 566 1650 798 1710; x_wconf 86' lang='lat' dir='ltr'><strong>biensis</strong></span> <span class='ocrx_word' id='word_1_41' title='bbox 845 1650 1143 1710; x_wconf 85' lang='lat' dir='ltr'><em>memorie</em></span> <span class='ocrx_word' id='word_1_42' title='bbox 1192 1651 1705 1711; x_wconf 87' lang='lat' dir='ltr'><strong>commendamus</strong></span> <span class='ocrx_word' id='word_1_43' title='bbox 1755 1658 1974 1710; x_wconf 87' lang='lat' dir='ltr'><em>tenore</em></span> <span class='ocrx_word' id='word_1_44' title='bbox 2007 1652 2402 1728; x_wconf 89' lang='lat' dir='ltr'><em>presencium</em></span> <span class='ocrx_word' id='word_1_45' title='bbox 2435 1652 2863 1733; x_wconf 85' lang='lat' dir='ltr'><em>significantes</em></span> <span class='ocrx_word' id='word_1_46' title='bbox 2897 1653 3121 1731; x_wconf 90' lang='lat' dir='ltr'><em>quibus</em></span> 
     </span>
     <span class='ocr_line' id='line_1_8' title="bbox 568 1757 3128 1838; baseline 0.001 -21"><span class='ocrx_word' id='word_1_47' title='bbox 568 1757 819 1838; x_wconf 87' lang='lat' dir='ltr'><em>expedit</em></span> <span class='ocrx_word' id='word_1_48' title='bbox 866 1758 1189 1832; x_wconf 86' lang='lat' dir='ltr'><em>universis,</em></span> <span class='ocrx_word' id='word_1_49' title='bbox 1238 1759 1406 1836; x_wconf 92' lang='lat' dir='ltr'><em>quod</em></span> <span class='ocrx_word' id='word_1_50' title='bbox 1453 1758 1647 1835; x_wconf 87' lang='lat' dir='ltr'><em>probe</em></span> <span class='ocrx_word' id='word_1_51' title='bbox 1696 1765 1758 1817; x_wconf 90' lang='lat' dir='ltr'><em>et</em></span> <span class='ocrx_word' id='word_1_52' title='bbox 1822 1758 2084 1819; x_wconf 83' lang='lat' dir='ltr'><em>honeste</em></span> <span class='ocrx_word' id='word_1_53' title='bbox 2152 1758 2402 1819; x_wconf 89' lang='lat' dir='ltr'><em>domine</em></span> <span class='ocrx_word' id='word_1_54' title='bbox 2467 1760 2742 1836; x_wconf 79' lang='lat' dir='ltr'><em>Wynka,</em></span> <span class='ocrx_word' id='word_1_55' title='bbox 2803 1760 3002 1819; x_wconf 88' lang='lat' dir='ltr'><em>Elena</em></span> <span class='ocrx_word' id='word_1_56' title='bbox 3065 1768 3128 1820; x_wconf 92' lang='lat' dir='ltr'><em>et</em></span> 
     </span>
     <span class='ocr_line' id='line_1_9' title="bbox 570 1864 3128 1945; baseline 0.001 -20"><span class='ocrx_word' id='word_1_57' title='bbox 570 1865 979 1945; x_wconf 84' lang='lat' dir='ltr'><em>Margaretha</em></span> <span class='ocrx_word' id='word_1_58' title='bbox 1006 1864 1130 1924; x_wconf 85' lang='lat' dir='ltr'><em>filie</em></span> <span class='ocrx_word' id='word_1_59' title='bbox 1162 1864 1557 1925; x_wconf 88' lang='lat' dir='ltr'><em>Chernkonis</em></span> <span class='ocrx_word' id='word_1_60' title='bbox 1588 1864 1695 1923; x_wconf 89' lang='lat' dir='ltr'><em>filii</em></span> <span class='ocrx_word' id='word_1_61' title='bbox 1726 1865 2036 1935; x_wconf 83' lang='lat' dir='ltr'><em>IohanniS,</em></span> <span class='ocrx_word' id='word_1_62' title='bbox 2068 1884 2145 1925; x_wconf 89' lang='lat' dir='ltr'><em>ex</em></span> <span class='ocrx_word' id='word_1_63' title='bbox 2178 1868 2402 1926; x_wconf 90' lang='lat' dir='ltr'><em>eodem</em></span> <span class='ocrx_word' id='word_1_64' title='bbox 2435 1874 2498 1927; x_wconf 92' lang='lat' dir='ltr'><em>et</em></span> <span class='ocrx_word' id='word_1_65' title='bbox 2528 1868 2723 1945; x_wconf 86' lang='lat' dir='ltr'><em>proba</em></span> <span class='ocrx_word' id='word_1_66' title='bbox 2758 1886 2832 1945; x_wconf 77' lang='lat' dir='ltr'><em>ac</em></span> <span class='ocrx_word' id='word_1_67' title='bbox 2862 1868 3128 1927; x_wconf 90' lang='lat' dir='ltr'><em>honesta</em></span> 
     </span>
     <span class='ocr_line' id='line_1_10' title="bbox 567 1972 3123 2048; baseline 0.001 -15"><span class='ocrx_word' id='word_1_68' title='bbox 567 1973 819 2033; x_wconf 89' lang='lat' dir='ltr'><em>domina</em></span> <span class='ocrx_word' id='word_1_69' title='bbox 865 1974 1066 2033; x_wconf 90' lang='lat' dir='ltr'><em>Elena</em></span> <span class='ocrx_word' id='word_1_70' title='bbox 1112 1980 1353 2046; x_wconf 87' lang='lat' dir='ltr'><em>vocata,</em></span> <span class='ocrx_word' id='word_1_71' title='bbox 1401 1972 1529 2032; x_wconf 89' lang='lat' dir='ltr'><em>filia</em></span> <span class='ocrx_word' id='word_1_72' title='bbox 1574 1974 1756 2032; x_wconf 88' lang='lat' dir='ltr'><em>Iuren</em></span> <span class='ocrx_word' id='word_1_73' title='bbox 1805 1974 1885 2033; x_wconf 91' lang='lat' dir='ltr'><em>de</em></span> <span class='ocrx_word' id='word_1_74' title='bbox 1930 1974 2139 2048; x_wconf 83' lang='lat' dir='ltr'><em>PlezO,</em></span> <span class='ocrx_word' id='word_1_75' title='bbox 2187 1983 2476 2035; x_wconf 89' lang='lat' dir='ltr'><em>consorte</em></span> <span class='ocrx_word' id='word_1_76' title='bbox 2525 1975 2670 2035; x_wconf 90' lang='lat' dir='ltr'><em>dicti</em></span> <span class='ocrx_word' id='word_1_77' title='bbox 2728 1975 3123 2037; x_wconf 89' lang='lat' dir='ltr'><em>Chernkonis</em></span> 
     </span>
     <span class='ocr_line' id='line_1_11' title="bbox 565 2076 3123 2163; baseline 0.001 -22"><span class='ocrx_word' id='word_1_78' title='bbox 565 2082 643 2141; x_wconf 91' lang='lat' dir='ltr'><em>de</em></span> <span class='ocrx_word' id='word_1_79' title='bbox 690 2080 1065 2156; x_wconf 86' lang='lat' dir='ltr'><em>Korilowch,</em></span> <span class='ocrx_word' id='word_1_80' title='bbox 1114 2089 1313 2140; x_wconf 89' lang='lat' dir='ltr'><em>matre</em></span> <span class='ocrx_word' id='word_1_81' title='bbox 1360 2099 1511 2139; x_wconf 88' lang='lat' dir='ltr'><em>vero</em></span> <span class='ocrx_word' id='word_1_82' title='bbox 1557 2080 1977 2158; x_wconf 88' lang='lat' dir='ltr'><em>predictarum</em></span> <span class='ocrx_word' id='word_1_83' title='bbox 2025 2081 2248 2157; x_wconf 88' lang='lat' dir='ltr'><em>Vynke</em></span> <span class='ocrx_word' id='word_1_84' title='bbox 2265 2076 2296 2155; x_wconf 85' lang='lat'><em>¹,</em></span> <span class='ocrx_word' id='word_1_85' title='bbox 2346 2081 2541 2143; x_wconf 90' lang='lat' dir='ltr'><em>Elene</em></span> <span class='ocrx_word' id='word_1_86' title='bbox 2605 2092 2668 2143; x_wconf 92' lang='lat' dir='ltr'><em>et</em></span> <span class='ocrx_word' id='word_1_87' title='bbox 2714 2083 3123 2163; x_wconf 87' lang='lat' dir='ltr'><em>Margarethe</em></span> 
     </span>
     <span class='ocr_line' id='line_1_12' title="bbox 564 2187 3125 2264; baseline 0 -16"><span class='ocrx_word' id='word_1_88' title='bbox 564 2188 955 2249; x_wconf 87' lang='lat' dir='ltr'><em>dominarum</em></span> <span class='ocrx_word' id='word_1_89' title='bbox 1029 2189 1109 2247; x_wconf 94' lang='lat' dir='ltr'><em>de</em></span> <span class='ocrx_word' id='word_1_90' title='bbox 1178 2188 1403 2247; x_wconf 90' lang='lat' dir='ltr'><em>eadem</em></span> <span class='ocrx_word' id='word_1_91' title='bbox 1478 2187 1852 2261; x_wconf 89' lang='lat' dir='ltr'><em>Korilowch,</em></span> <span class='ocrx_word' id='word_1_92' title='bbox 1927 2188 2168 2249; x_wconf 91' lang='lat' dir='ltr'><em>nobiles</em></span> <span class='ocrx_word' id='word_1_93' title='bbox 2241 2189 2531 2250; x_wconf 85' lang='lat' dir='ltr'><em>videlicet</em></span> <span class='ocrx_word' id='word_1_94' title='bbox 2604 2198 2976 2264; x_wconf 79' lang='lat' dir='ltr'><em>castrenseS,</em></span> <span class='ocrx_word' id='word_1_95' title='bbox 3042 2191 3125 2250; x_wconf 91' lang='lat' dir='ltr'><em>ad</em></span> 
     </span>
     <span class='ocr_line' id='line_1_13' title="bbox 562 2295 3125 2373; baseline 0 -17"><span class='ocrx_word' id='word_1_96' title='bbox 562 2304 843 2356; x_wconf 88' lang='lat' dir='ltr'><em>nostram</em></span> <span class='ocrx_word' id='word_1_97' title='bbox 912 2295 1323 2373; x_wconf 86' lang='lat' dir='ltr'><em>personaliter</em></span> <span class='ocrx_word' id='word_1_98' title='bbox 1396 2295 1703 2355; x_wconf 89' lang='lat' dir='ltr'><em>veniendo</em></span> <span class='ocrx_word' id='word_1_99' title='bbox 1766 2296 2177 2373; x_wconf 87' lang='lat' dir='ltr'><em>presenciam,</em></span> <span class='ocrx_word' id='word_1_100' title='bbox 2244 2296 2530 2359; x_wconf 82' lang='lat' dir='ltr'><em>confesse</em></span> <span class='ocrx_word' id='word_1_101' title='bbox 2578 2308 2723 2358; x_wconf 88' lang='lat' dir='ltr'><em>sunt</em></span> <span class='ocrx_word' id='word_1_102' title='bbox 2785 2298 3125 2357; x_wconf 90' lang='lat' dir='ltr'><em>ministerio</em></span> 
     </span>
     <span class='ocr_line' id='line_1_14' title="bbox 564 2402 3124 2484; baseline 0.001 -22"><span class='ocrx_word' id='word_1_103' title='bbox 564 2402 706 2463; x_wconf 88' lang='lat' dir='ltr'><em>vive</em></span> <span class='ocrx_word' id='word_1_104' title='bbox 753 2403 927 2462; x_wconf 90' lang='lat' dir='ltr'><em>vocis</em></span> <span class='ocrx_word' id='word_1_105' title='bbox 976 2422 1191 2462; x_wconf 89' lang='lat' dir='ltr'><em>earum</em></span> <span class='ocrx_word' id='word_1_106' title='bbox 1238 2402 1301 2461; x_wconf 93' lang='lat' dir='ltr'><em>in</em></span> <span class='ocrx_word' id='word_1_107' title='bbox 1348 2404 1513 2463; x_wconf 88' lang='lat' dir='ltr'><em>hunc</em></span> <span class='ocrx_word' id='word_1_108' title='bbox 1562 2403 1835 2476; x_wconf 90' lang='lat' dir='ltr'><em>modum,</em></span> <span class='ocrx_word' id='word_1_109' title='bbox 1884 2412 1952 2462; x_wconf 92' lang='lat' dir='ltr'><em>ut</em></span> <span class='ocrx_word' id='word_1_110' title='bbox 1997 2403 2131 2482; x_wconf 89' lang='lat' dir='ltr'><em>ipse</em></span> <span class='ocrx_word' id='word_1_111' title='bbox 2196 2402 2259 2463; x_wconf 89' lang='lat' dir='ltr'><em>in</em></span> <span class='ocrx_word' id='word_1_112' title='bbox 2321 2404 2705 2465; x_wconf 87' lang='lat' dir='ltr'><em>sessionibus</em></span> <span class='ocrx_word' id='word_1_113' title='bbox 2770 2404 3124 2484; x_wconf 88' lang='lat' dir='ltr'><em>empciona-</em></span> 
     </span>
     <span class='ocr_line' id='line_1_15' title="bbox 561 2509 3124 2591; baseline 0.001 -22"><span class='ocrx_word' id='word_1_114' title='bbox 561 2510 723 2569; x_wconf 89' lang='lat' dir='ltr'><em>libus</em></span> <span class='ocrx_word' id='word_1_115' title='bbox 770 2510 1068 2588; x_wconf 88' lang='lat' dir='ltr'><em>ipsarum,</em></span> <span class='ocrx_word' id='word_1_116' title='bbox 1117 2510 1197 2569; x_wconf 89' lang='lat' dir='ltr'><em>ad</em></span> <span class='ocrx_word' id='word_1_117' title='bbox 1241 2510 1413 2587; x_wconf 89' lang='lat' dir='ltr'><em>ipsas</em></span> <span class='ocrx_word' id='word_1_118' title='bbox 1460 2528 1497 2569; x_wconf 88' lang='lat' dir='ltr'><em>a</em></span> <span class='ocrx_word' id='word_1_119' title='bbox 1527 2509 1807 2587; x_wconf 89' lang='lat' dir='ltr'><em>predicto</em></span> <span class='ocrx_word' id='word_1_120' title='bbox 1840 2509 2219 2570; x_wconf 85' lang='lat' dir='ltr'><em>Chemkone</em></span> <span class='ocrx_word' id='word_1_121' title='bbox 2251 2520 2428 2589; x_wconf 88' lang='lat' dir='ltr'><em>patre</em></span> <span class='ocrx_word' id='word_1_122' title='bbox 2463 2530 2678 2572; x_wconf 86' lang='lat' dir='ltr'><em>earum</em></span> <span class='ocrx_word' id='word_1_123' title='bbox 2712 2521 2855 2591; x_wconf 91' lang='lat' dir='ltr'><em>post</em></span> <span class='ocrx_word' id='word_1_124' title='bbox 2885 2512 3124 2571; x_wconf 91' lang='lat' dir='ltr'><em>obitum</em></span> 
     </span>
     <span class='ocr_line' id='line_1_16' title="bbox 563 2616 3121 2697; baseline 0.001 -22"><span class='ocrx_word' id='word_1_125' title='bbox 563 2617 757 2695; x_wconf 89' lang='lat' dir='ltr'><em>ipsius</em></span> <span class='ocrx_word' id='word_1_126' title='bbox 807 2617 1203 2677; x_wconf 89' lang='lat' dir='ltr'><em>Chernkonis</em></span> <span class='ocrx_word' id='word_1_127' title='bbox 1234 2616 1607 2676; x_wconf 86' lang='lat' dir='ltr'><em>hereditarie</em></span> <span class='ocrx_word' id='word_1_128' title='bbox 1637 2616 1949 2677; x_wconf 89' lang='lat' dir='ltr'><em>devolutis</em></span> <span class='ocrx_word' id='word_1_129' title='bbox 1980 2626 2043 2676; x_wconf 89' lang='lat' dir='ltr'><em>et</em></span> <span class='ocrx_word' id='word_1_130' title='bbox 2074 2618 2534 2693; x_wconf 80' lang='lat' dir='ltr'><em>condescensiS,</em></span> <span class='ocrx_word' id='word_1_131' title='bbox 2565 2617 2864 2697; x_wconf 86' lang='lat' dir='ltr'><em>ipsasque</em></span> <span class='ocrx_word' id='word_1_132' title='bbox 2898 2619 3121 2678; x_wconf 88' lang='lat' dir='ltr'><em>exinde</em></span> 
     </span>
     <span class='ocr_line' id='line_1_17' title="bbox 565 2722 3127 2803; baseline 0 -20"><span class='ocrx_word' id='word_1_133' title='bbox 565 2724 699 2783; x_wconf 90' lang='lat' dir='ltr'><em>iure</em></span> <span class='ocrx_word' id='word_1_134' title='bbox 749 2724 1121 2801; x_wconf 91' lang='lat' dir='ltr'><em>empcionali</em></span> <span class='ocrx_word' id='word_1_135' title='bbox 1196 2722 1573 2784; x_wconf 87' lang='lat' dir='ltr'><em>hereditario</em></span> <span class='ocrx_word' id='word_1_136' title='bbox 1647 2724 2185 2799; x_wconf 84' lang='lat' dir='ltr'><em>concernentibus,</em></span> <span class='ocrx_word' id='word_1_137' title='bbox 2233 2744 2391 2803; x_wconf 90' lang='lat' dir='ltr'><em>quas</em></span> <span class='ocrx_word' id='word_1_138' title='bbox 2465 2726 2742 2803; x_wconf 71' lang='lat' dir='ltr'><em>prefatus</em></span> <span class='ocrx_word' id='word_1_139' title='bbox 2813 2725 3127 2798; x_wconf 88' lang='lat' dir='ltr'><em>Chernko,</em></span> 
     </span>
     <span class='ocr_line' id='line_1_18' title="bbox 564 2831 3124 2911; baseline 0 -21"><span class='ocrx_word' id='word_1_140' title='bbox 564 2838 742 2909; x_wconf 90' lang='lat' dir='ltr'><em>pater</em></span> <span class='ocrx_word' id='word_1_141' title='bbox 791 2838 859 2890; x_wconf 92' lang='lat' dir='ltr'><em>ut</em></span> <span class='ocrx_word' id='word_1_142' title='bbox 903 2831 1256 2909; x_wconf 86' lang='lat' dir='ltr'><em>predicitur,</em></span> <span class='ocrx_word' id='word_1_143' title='bbox 1304 2832 1575 2907; x_wconf 88' lang='lat' dir='ltr'><em>Wynke,</em></span> <span class='ocrx_word' id='word_1_144' title='bbox 1641 2833 1838 2892; x_wconf 91' lang='lat' dir='ltr'><em>Elene</em></span> <span class='ocrx_word' id='word_1_145' title='bbox 1889 2839 1951 2891; x_wconf 86' lang='lat' dir='ltr'><em>et</em></span> <span class='ocrx_word' id='word_1_146' title='bbox 1999 2832 2406 2911; x_wconf 86' lang='lat' dir='ltr'><em>Margarethe</em></span> <span class='ocrx_word' id='word_1_147' title='bbox 2455 2832 2848 2892; x_wconf 88' lang='lat' dir='ltr'><em>dominarum</em></span> <span class='ocrx_word' id='word_1_148' title='bbox 2896 2852 2935 2892; x_wconf 90' lang='lat' dir='ltr'><em>a</em></span> <span class='ocrx_word' id='word_1_149' title='bbox 2981 2852 3124 2892; x_wconf 87' lang='lat' dir='ltr'><em>con-</em></span> 
     </span>
     <span class='ocr_line' id='line_1_19' title="bbox 569 2939 3126 3019; baseline 0 -21"><span class='ocrx_word' id='word_1_150' title='bbox 569 2940 715 2999; x_wconf 89' lang='lat' dir='ltr'><em>dam</em></span> <span class='ocrx_word' id='word_1_151' title='bbox 787 2940 966 2998; x_wconf 91' lang='lat' dir='ltr'><em>Luka</em></span> <span class='ocrx_word' id='word_1_152' title='bbox 1027 2940 1247 2999; x_wconf 90' lang='lat' dir='ltr'><em>Bwlha</em></span> <span class='ocrx_word' id='word_1_153' title='bbox 1315 2939 1479 2999; x_wconf 91' lang='lat' dir='ltr'><em>dicto</em></span> <span class='ocrx_word' id='word_1_154' title='bbox 1546 2950 1609 2999; x_wconf 93' lang='lat' dir='ltr'><em>et</em></span> <span class='ocrx_word' id='word_1_155' title='bbox 1670 2939 1933 3017; x_wconf 87' lang='lat' dir='ltr'><em>Mathya</em></span> <span class='ocrx_word' id='word_1_156' title='bbox 1995 2940 2443 3000; x_wconf 82' lang='lat' dir='ltr'><em>Nemchewich</em></span> <span class='ocrx_word' id='word_1_157' title='bbox 2507 2939 2967 3019; x_wconf 87' lang='lat' dir='ltr'><em>cognominato,</em></span> <span class='ocrx_word' id='word_1_158' title='bbox 3013 2958 3126 3018; x_wconf 89' lang='lat' dir='ltr'><em>pro</em></span> 
     </span>
     <span class='ocr_line' id='line_1_20' title="bbox 567 3047 3130 3127; baseline -0 -20"><span class='ocrx_word' id='word_1_159' title='bbox 567 3056 736 3107; x_wconf 90' lang='lat' dir='ltr'><em>certa</em></span> <span class='ocrx_word' id='word_1_160' title='bbox 784 3048 1191 3126; x_wconf 89' lang='lat' dir='ltr'><em>pecuniarum</em></span> <span class='ocrx_word' id='word_1_161' title='bbox 1250 3048 1613 3126; x_wconf 88' lang='lat' dir='ltr'><em>quantitate,</em></span> <span class='ocrx_word' id='word_1_162' title='bbox 1662 3048 1812 3127; x_wconf 90' lang='lat' dir='ltr'><em>ipsis</em></span> <span class='ocrx_word' id='word_1_163' title='bbox 1858 3067 1973 3126; x_wconf 89' lang='lat' dir='ltr'><em>per</em></span> <span class='ocrx_word' id='word_1_164' title='bbox 2018 3048 2366 3126; x_wconf 89' lang='lat' dir='ltr'><em>predictum</em></span> <span class='ocrx_word' id='word_1_165' title='bbox 2412 3047 2856 3109; x_wconf 88' lang='lat' dir='ltr'><em>Chernkonem</em></span> <span class='ocrx_word' id='word_1_166' title='bbox 2905 3056 3130 3108; x_wconf 89' lang='lat' dir='ltr'><em>eotunc</em></span> 
     </span>
     <span class='ocr_line' id='line_1_21' title="bbox 565 3155 3123 3234; baseline 0 -20"><span class='ocrx_word' id='word_1_167' title='bbox 565 3155 747 3234; x_wconf 92' lang='lat' dir='ltr'><em>plene</em></span> <span class='ocrx_word' id='word_1_168' title='bbox 796 3155 1112 3233; x_wconf 89' lang='lat' dir='ltr'><em>persoluta</em></span> <span class='ocrx_word' id='word_1_169' title='bbox 1160 3165 1653 3233; x_wconf 85' lang='lat' dir='ltr'><em>comparaverat,</em></span> <span class='ocrx_word' id='word_1_170' title='bbox 1715 3174 1905 3215; x_wconf 83' lang='lat' dir='ltr'><em>unam</em></span> <span class='ocrx_word' id='word_1_171' title='bbox 1953 3155 2190 3215; x_wconf 90' lang='lat' dir='ltr'><em>scilicet</em></span> <span class='ocrx_word' id='word_1_172' title='bbox 2235 3156 2581 3215; x_wconf 89' lang='lat' dir='ltr'><em>sessionem</em></span> <span class='ocrx_word' id='word_1_173' title='bbox 2649 3156 2807 3215; x_wconf 89' lang='lat' dir='ltr'><em>duas</em></span> <span class='ocrx_word' id='word_1_174' title='bbox 2853 3163 3123 3215; x_wconf 90' lang='lat' dir='ltr'><em>tantum-</em></span> 
     </span>
     <span class='ocr_line' id='line_1_22' title="bbox 567 3261 3126 3341; baseline 0 -22"><span class='ocrx_word' id='word_1_175' title='bbox 567 3261 754 3319; x_wconf 90' lang='lat' dir='ltr'><em>modo</em></span> <span class='ocrx_word' id='word_1_176' title='bbox 801 3261 1220 3320; x_wconf 88' lang='lat' dir='ltr'><em>dimensiones</em></span> <span class='ocrx_word' id='word_1_177' title='bbox 1266 3262 1586 3341; x_wconf 85' lang='lat' dir='ltr'><em>wlgariter</em></span> <span class='ocrx_word' id='word_1_178' title='bbox 1633 3270 1801 3339; x_wconf 91' lang='lat' dir='ltr'><em>mety</em></span> <span class='ocrx_word' id='word_1_179' title='bbox 1833 3262 2051 3335; x_wconf 81' lang='lat' dir='ltr'><em>dictaS,</em></span> <span class='ocrx_word' id='word_1_180' title='bbox 2100 3281 2242 3321; x_wconf 90' lang='lat' dir='ltr'><em>cum</em></span> <span class='ocrx_word' id='word_1_181' title='bbox 2290 3262 2528 3321; x_wconf 90' lang='lat' dir='ltr'><em>cunctis</em></span> <span class='ocrx_word' id='word_1_182' title='bbox 2553 3262 2832 3340; x_wconf 89' lang='lat' dir='ltr'><em>ipsarum</em></span> <span class='ocrx_word' id='word_1_183' title='bbox 2861 3262 3126 3321; x_wconf 88' lang='lat' dir='ltr'><em>duarum</em></span> 
     </span>
     <span class='ocr_line' id='line_1_23' title="bbox 568 3366 3128 3447; baseline 0 -21"><span class='ocrx_word' id='word_1_184' title='bbox 568 3366 1023 3428; x_wconf 89' lang='lat' dir='ltr'><em>dimensionum</em></span> <span class='ocrx_word' id='word_1_185' title='bbox 1094 3368 1455 3428; x_wconf 88' lang='lat' dir='ltr'><em>utilitatibus</em></span> <span class='ocrx_word' id='word_1_186' title='bbox 1530 3377 1593 3429; x_wconf 90' lang='lat' dir='ltr'><em>et</em></span> <span class='ocrx_word' id='word_1_187' title='bbox 1659 3370 2057 3447; x_wconf 88' lang='lat' dir='ltr'><em>pertinenciis</em></span> <span class='ocrx_word' id='word_1_188' title='bbox 2134 3369 2474 3442; x_wconf 87' lang='lat' dir='ltr'><em>universis;</em></span> <span class='ocrx_word' id='word_1_189' title='bbox 2547 3369 2695 3428; x_wconf 90' lang='lat' dir='ltr'><em>item</em></span> <span class='ocrx_word' id='word_1_190' title='bbox 2774 3368 2835 3427; x_wconf 90' lang='lat' dir='ltr'><em>in</em></span> <span class='ocrx_word' id='word_1_191' title='bbox 2904 3378 3128 3446; x_wconf 87' lang='lat' dir='ltr'><em>quarta</em></span> 
     </span>
     <span class='ocr_line' id='line_1_24' title="bbox 569 3475 3128 3554; baseline 0 -21"><span class='ocrx_word' id='word_1_192' title='bbox 569 3475 851 3551; x_wconf 86' lang='lat' dir='ltr'><em>puellary</em></span> <span class='ocrx_word' id='word_1_193' title='bbox 900 3481 1195 3534; x_wconf 91' lang='lat' dir='ltr'><em>annotate</em></span> <span class='ocrx_word' id='word_1_194' title='bbox 1244 3476 1493 3536; x_wconf 88' lang='lat' dir='ltr'><em>domine</em></span> <span class='ocrx_word' id='word_1_195' title='bbox 1540 3476 1735 3535; x_wconf 91' lang='lat' dir='ltr'><em>Elene</em></span> <span class='ocrx_word' id='word_1_196' title='bbox 1782 3476 1999 3535; x_wconf 86' lang='lat' dir='ltr'><em>matris</em></span> <span class='ocrx_word' id='word_1_197' title='bbox 2062 3476 2340 3554; x_wconf 88' lang='lat' dir='ltr'><em>ipsarum</em></span> <span class='ocrx_word' id='word_1_198' title='bbox 2403 3475 2796 3537; x_wconf 88' lang='lat' dir='ltr'><em>dominarum</em></span> <span class='ocrx_word' id='word_1_199' title='bbox 2858 3476 3128 3553; x_wconf 86' lang='lat' dir='ltr'><em>Wynke,</em></span> 
     </span>
     <span class='ocr_line' id='line_1_25' title="bbox 568 3581 3128 3661; baseline 0.001 -21"><span class='ocrx_word' id='word_1_200' title='bbox 568 3582 763 3641; x_wconf 89' lang='lat' dir='ltr'><em>Elene</em></span> <span class='ocrx_word' id='word_1_201' title='bbox 812 3590 873 3641; x_wconf 91' lang='lat' dir='ltr'><em>et</em></span> <span class='ocrx_word' id='word_1_202' title='bbox 920 3581 1342 3661; x_wconf 88' lang='lat' dir='ltr'><em>Margarethe,</em></span> <span class='ocrx_word' id='word_1_203' title='bbox 1408 3602 1547 3643; x_wconf 88' lang='lat' dir='ltr'><em>awe</em></span> <span class='ocrx_word' id='word_1_204' title='bbox 1594 3601 1746 3643; x_wconf 88' lang='lat' dir='ltr'><em>vero</em></span> <span class='ocrx_word' id='word_1_205' title='bbox 1792 3582 2017 3642; x_wconf 89' lang='lat' dir='ltr'><em>Briccii</em></span> <span class='ocrx_word' id='word_1_206' title='bbox 2065 3592 2127 3642; x_wconf 90' lang='lat' dir='ltr'><em>et</em></span> <span class='ocrx_word' id='word_1_207' title='bbox 2173 3582 2365 3642; x_wconf 89' lang='lat' dir='ltr'><em>Blasii</em></span> <span class='ocrx_word' id='word_1_208' title='bbox 2412 3583 2678 3642; x_wconf 88' lang='lat' dir='ltr'><em>filiorum</em></span> <span class='ocrx_word' id='word_1_209' title='bbox 2732 3583 2993 3659; x_wconf 87' lang='lat' dir='ltr'><em>Mathye</em></span> <span class='ocrx_word' id='word_1_210' title='bbox 3050 3583 3128 3642; x_wconf 91' lang='lat' dir='ltr'><em>de</em></span> 
     </span>
     <span class='ocr_line' id='line_1_26' title="bbox 569 3690 3127 3768; baseline 0 -18"><span class='ocrx_word' id='word_1_211' title='bbox 569 3691 955 3750; x_wconf 87' lang='lat' dir='ltr'><em>Krawarska</em></span> <span class='ocrx_word' id='word_1_212' title='bbox 1001 3710 1077 3750; x_wconf 86' lang='lat' dir='ltr'><em>ex</em></span> <span class='ocrx_word' id='word_1_213' title='bbox 1126 3691 1368 3765; x_wconf 90' lang='lat' dir='ltr'><em>eodem,</em></span> <span class='ocrx_word' id='word_1_214' title='bbox 1416 3691 1705 3751; x_wconf 90' lang='lat' dir='ltr'><em>videlicet</em></span> <span class='ocrx_word' id='word_1_215' title='bbox 1751 3691 2016 3768; x_wconf 89' lang='lat' dir='ltr'><em>Mathya</em></span> <span class='ocrx_word' id='word_1_216' title='bbox 2063 3700 2124 3751; x_wconf 92' lang='lat' dir='ltr'><em>et</em></span> <span class='ocrx_word' id='word_1_217' title='bbox 2169 3691 2438 3750; x_wconf 90' lang='lat' dir='ltr'><em>honesta</em></span> <span class='ocrx_word' id='word_1_218' title='bbox 2485 3709 2560 3750; x_wconf 89' lang='lat' dir='ltr'><em>ac</em></span> <span class='ocrx_word' id='word_1_219' title='bbox 2606 3691 2806 3768; x_wconf 89' lang='lat' dir='ltr'><em>proba</em></span> <span class='ocrx_word' id='word_1_220' title='bbox 2871 3690 3127 3750; x_wconf 90' lang='lat' dir='ltr'><em>domina</em></span> 
     </span>
     <span class='ocr_line' id='line_1_27' title="bbox 566 3797 3122 3879; baseline -0 -21"><span class='ocrx_word' id='word_1_221' title='bbox 566 3800 975 3879; x_wconf 87' lang='lat' dir='ltr'><em>Margaretha</em></span> <span class='ocrx_word' id='word_1_222' title='bbox 1040 3806 1281 3872; x_wconf 87' lang='lat' dir='ltr'><em>vocata,</em></span> <span class='ocrx_word' id='word_1_223' title='bbox 1338 3798 1464 3858; x_wconf 88' lang='lat' dir='ltr'><em>filia</em></span> <span class='ocrx_word' id='word_1_224' title='bbox 1532 3799 1951 3876; x_wconf 91' lang='lat' dir='ltr'><em>predictorum</em></span> <span class='ocrx_word' id='word_1_225' title='bbox 2021 3798 2416 3858; x_wconf 87' lang='lat' dir='ltr'><em>Chernkonis</em></span> <span class='ocrx_word' id='word_1_226' title='bbox 2489 3806 2550 3857; x_wconf 78' lang='lat' dir='ltr'><em>et</em></span> <span class='ocrx_word' id='word_1_227' title='bbox 2622 3797 2835 3867; x_wconf 87' lang='lat' dir='ltr'><em>Elene,</em></span> <span class='ocrx_word' id='word_1_228' title='bbox 2907 3816 3122 3857; x_wconf 91' lang='lat' dir='ltr'><em>sorore</em></span> 
     </span>
     <span class='ocr_line' id='line_1_28' title="bbox 569 3904 3128 3985; baseline -0.002 -19"><span class='ocrx_word' id='word_1_229' title='bbox 569 3916 779 3966; x_wconf 87' lang='lat' dir='ltr'><em>autem</em></span> <span class='ocrx_word' id='word_1_230' title='bbox 826 3916 1313 3967; x_wconf 87' lang='lat' dir='ltr'><em>memoratarum</em></span> <span class='ocrx_word' id='word_1_231' title='bbox 1345 3907 1613 3984; x_wconf 90' lang='lat' dir='ltr'><em>Wynke,</em></span> <span class='ocrx_word' id='word_1_232' title='bbox 1660 3907 1855 3965; x_wconf 90' lang='lat' dir='ltr'><em>Elene</em></span> <span class='ocrx_word' id='word_1_233' title='bbox 1888 3914 1950 3965; x_wconf 92' lang='lat' dir='ltr'><em>et</em></span> <span class='ocrx_word' id='word_1_234' title='bbox 1983 3906 2388 3985; x_wconf 86' lang='lat' dir='ltr'><em>Margarethe</em></span> <span class='ocrx_word' id='word_1_235' title='bbox 2438 3904 2830 3964; x_wconf 89' lang='lat' dir='ltr'><em>dominarum</em></span> <span class='ocrx_word' id='word_1_236' title='bbox 2862 3904 3128 3975; x_wconf 86' lang='lat' dir='ltr'><em>seniore,</em></span> 
     </span>
     <span class='ocr_line' id='line_1_29' title="bbox 567 4010 3128 4086; baseline -0.001 -14"><span class='ocrx_word' id='word_1_237' title='bbox 567 4014 813 4074; x_wconf 89' lang='lat' dir='ltr'><em>uterina</em></span> <span class='ocrx_word' id='word_1_238' title='bbox 860 4023 922 4073; x_wconf 91' lang='lat' dir='ltr'><em>et</em></span> <span class='ocrx_word' id='word_1_239' title='bbox 968 4014 1204 4073; x_wconf 80' lang='lat' dir='ltr'><em>carnali</em></span> <span class='ocrx_word' id='word_1_240' title='bbox 1247 4014 1373 4074; x_wconf 88' lang='lat' dir='ltr'><em>iam</em></span> <span class='ocrx_word' id='word_1_241' title='bbox 1419 4014 1653 4074; x_wconf 90' lang='lat' dir='ltr'><em>dudum</em></span> <span class='ocrx_word' id='word_1_242' title='bbox 1719 4013 2030 4086; x_wconf 89' lang='lat' dir='ltr'><em>defuncta,</em></span> <span class='ocrx_word' id='word_1_243' title='bbox 2077 4012 2140 4072; x_wconf 90' lang='lat' dir='ltr'><em>in</em></span> <span class='ocrx_word' id='word_1_244' title='bbox 2203 4021 2370 4072; x_wconf 90' lang='lat' dir='ltr'><em>terra</em></span> <span class='ocrx_word' id='word_1_245' title='bbox 2436 4012 2725 4071; x_wconf 87' lang='lat' dir='ltr'><em>videlicet</em></span> <span class='ocrx_word' id='word_1_246' title='bbox 2787 4010 3004 4071; x_wconf 88' lang='lat' dir='ltr'><em>arabili</em></span> <span class='ocrx_word' id='word_1_247' title='bbox 3067 4010 3128 4069; x_wconf 91' lang='lat' dir='ltr'><em>in</em></span> 
     </span>
     <span class='ocr_line' id='line_1_30' title="bbox 568 4118 3129 4198; baseline -0.002 -16"><span class='ocrx_word' id='word_1_248' title='bbox 568 4122 837 4182; x_wconf 90' lang='lat' dir='ltr'><em>Goricza</em></span> <span class='ocrx_word' id='word_1_249' title='bbox 882 4121 1111 4195; x_wconf 89' lang='lat' dir='ltr'><em>habita,</em></span> <span class='ocrx_word' id='word_1_250' title='bbox 1157 4122 1349 4182; x_wconf 91' lang='lat' dir='ltr'><em>Plezo</em></span> <span class='ocrx_word' id='word_1_251' title='bbox 1380 4122 1615 4182; x_wconf 90' lang='lat' dir='ltr'><em>scilicet</em></span> <span class='ocrx_word' id='word_1_252' title='bbox 1659 4130 1901 4195; x_wconf 87' lang='lat' dir='ltr'><em>vocata,</em></span> <span class='ocrx_word' id='word_1_253' title='bbox 1951 4140 2141 4181; x_wconf 87' lang='lat' dir='ltr'><em>unam</em></span> <span class='ocrx_word' id='word_1_254' title='bbox 2175 4121 2565 4180; x_wconf 89' lang='lat' dir='ltr'><em>solummodo</em></span> <span class='ocrx_word' id='word_1_255' title='bbox 2613 4127 2916 4198; x_wconf 86' lang='lat' dir='ltr'><em>quartam,</em></span> <span class='ocrx_word' id='word_1_256' title='bbox 2964 4118 3129 4178; x_wconf 91' lang='lat' dir='ltr'><em>simi-</em></span> 
     </span>
     <span class='ocr_line' id='line_1_31' title="bbox 570 4226 3128 4308; baseline -0.002 -18"><span class='ocrx_word' id='word_1_257' title='bbox 570 4231 705 4290; x_wconf 90' lang='lat' dir='ltr'><em>liter</em></span> <span class='ocrx_word' id='word_1_258' title='bbox 751 4250 891 4290; x_wconf 91' lang='lat' dir='ltr'><em>cum</em></span> <span class='ocrx_word' id='word_1_259' title='bbox 942 4230 1071 4290; x_wconf 90' lang='lat' dir='ltr'><em>suis</em></span> <span class='ocrx_word' id='word_1_260' title='bbox 1116 4229 1515 4308; x_wconf 86' lang='lat' dir='ltr'><em>pertinenciis</em></span> <span class='ocrx_word' id='word_1_261' title='bbox 1564 4237 1628 4289; x_wconf 90' lang='lat' dir='ltr'><em>et</em></span> <span class='ocrx_word' id='word_1_262' title='bbox 1672 4228 2036 4291; x_wconf 79' lang='lat' dir='ltr'><em>utilitatibus</em></span> <span class='ocrx_word' id='word_1_263' title='bbox 2094 4228 2434 4303; x_wconf 88' lang='lat' dir='ltr'><em>universis;</em></span> <span class='ocrx_word' id='word_1_264' title='bbox 2501 4228 2648 4287; x_wconf 90' lang='lat' dir='ltr'><em>item</em></span> <span class='ocrx_word' id='word_1_265' title='bbox 2710 4226 2776 4286; x_wconf 87' lang='lat' dir='ltr'><em>in</em></span> <span class='ocrx_word' id='word_1_266' title='bbox 2837 4226 3128 4285; x_wconf 89' lang='lat' dir='ltr'><em>omnibus</em></span> 
     </span>
     <span class='ocr_line' id='line_1_32' title="bbox 567 4334 3128 4416; baseline -0.002 -20"><span class='ocrx_word' id='word_1_267' title='bbox 567 4338 1069 4415; x_wconf 88' lang='lat' dir='ltr'><em>possessionibus</em></span> <span class='ocrx_word' id='word_1_268' title='bbox 1120 4346 1181 4396; x_wconf 90' lang='lat' dir='ltr'><em>et</em></span> <span class='ocrx_word' id='word_1_269' title='bbox 1226 4337 1625 4416; x_wconf 90' lang='lat' dir='ltr'><em>porcionibus</em></span> <span class='ocrx_word' id='word_1_270' title='bbox 1672 4336 2162 4415; x_wconf 88' lang='lat' dir='ltr'><em>possessionaris</em></span> <span class='ocrx_word' id='word_1_271' title='bbox 2211 4336 2534 4416; x_wconf 81' lang='lat' dir='ltr'><em>empticiiS,</em></span> <span class='ocrx_word' id='word_1_272' title='bbox 2599 4356 2721 4415; x_wconf 90' lang='lat' dir='ltr'><em>que</em></span> <span class='ocrx_word' id='word_1_273' title='bbox 2783 4334 3128 4413; x_wconf 86' lang='lat' dir='ltr'><em>predictum</em></span> 
     </span>
     <span class='ocr_line' id='line_1_33' title="bbox 568 4441 3130 4523; baseline -0.002 -19"><span class='ocrx_word' id='word_1_274' title='bbox 568 4444 1010 4505; x_wconf 88' lang='lat' dir='ltr'><em>Chernkonem</em></span> <span class='ocrx_word' id='word_1_275' title='bbox 1060 4445 1400 4523; x_wconf 88' lang='lat' dir='ltr'><em>empcionis</em></span> <span class='ocrx_word' id='word_1_276' title='bbox 1463 4446 1661 4522; x_wconf 90' lang='lat' dir='ltr'><em>tytulo</em></span> <span class='ocrx_word' id='word_1_277' title='bbox 1732 4463 2112 4505; x_wconf 89' lang='lat' dir='ltr'><em>concernere</em></span> <span class='ocrx_word' id='word_1_278' title='bbox 2175 4444 2547 4504; x_wconf 87' lang='lat' dir='ltr'><em>videbantur</em></span> <span class='ocrx_word' id='word_1_279' title='bbox 2609 4453 2672 4503; x_wconf 89' lang='lat' dir='ltr'><em>et</em></span> <span class='ocrx_word' id='word_1_280' title='bbox 2729 4444 2790 4504; x_wconf 90' lang='lat' dir='ltr'><em>in</em></span> <span class='ocrx_word' id='word_1_281' title='bbox 2856 4441 3130 4521; x_wconf 85' lang='lat' dir='ltr'><em>prefatas</em></span> 
     </span>
     <span class='ocr_line' id='line_1_34' title="bbox 567 4550 3129 4633; baseline -0.002 -22"><span class='ocrx_word' id='word_1_282' title='bbox 567 4553 904 4629; x_wconf 85' lang='lat' dir='ltr'><em>Wynkam,</em></span> <span class='ocrx_word' id='word_1_283' title='bbox 968 4552 1229 4613; x_wconf 89' lang='lat' dir='ltr'><em>Elenam</em></span> <span class='ocrx_word' id='word_1_284' title='bbox 1289 4560 1352 4612; x_wconf 92' lang='lat' dir='ltr'><em>et</em></span> <span class='ocrx_word' id='word_1_285' title='bbox 1412 4552 1887 4633; x_wconf 87' lang='lat' dir='ltr'><em>Margaretham</em></span> <span class='ocrx_word' id='word_1_286' title='bbox 1950 4551 2238 4611; x_wconf 89' lang='lat' dir='ltr'><em>dominas</em></span> <span class='ocrx_word' id='word_1_287' title='bbox 2309 4552 2388 4611; x_wconf 91' lang='lat' dir='ltr'><em>ab</em></span> <span class='ocrx_word' id='word_1_288' title='bbox 2457 4552 2682 4611; x_wconf 90' lang='lat' dir='ltr'><em>eodem</em></span> <span class='ocrx_word' id='word_1_289' title='bbox 2752 4550 3129 4627; x_wconf 81' lang='lat' dir='ltr'><em>Chernkone</em></span> 
     </span>
     <span class='ocr_line' id='line_1_35' title="bbox 569 4656 3131 4739; baseline -0.003 -18"><span class='ocrx_word' id='word_1_290' title='bbox 569 4662 860 4721; x_wconf 90' lang='lat' dir='ltr'><em>devolute</em></span> <span class='ocrx_word' id='word_1_291' title='bbox 928 4660 1289 4733; x_wconf 83' lang='lat' dir='ltr'><em>extitissent,</em></span> <span class='ocrx_word' id='word_1_292' title='bbox 1354 4669 1643 4739; x_wconf 90' lang='lat' dir='ltr'><em>quartam</em></span> <span class='ocrx_word' id='word_1_293' title='bbox 1707 4658 1988 4720; x_wconf 90' lang='lat' dir='ltr'><em>similiter</em></span> <span class='ocrx_word' id='word_1_294' title='bbox 2052 4667 2295 4737; x_wconf 87' lang='lat' dir='ltr'><em>partem</em></span> <span class='ocrx_word' id='word_1_295' title='bbox 2342 4679 2486 4718; x_wconf 90' lang='lat' dir='ltr'><em>cum</em></span> <span class='ocrx_word' id='word_1_296' title='bbox 2552 4658 2680 4717; x_wconf 89' lang='lat' dir='ltr'><em>suis</em></span> <span class='ocrx_word' id='word_1_297' title='bbox 2740 4656 3131 4730; x_wconf 90' lang='lat' dir='ltr'><em>utilitatibus;</em></span> 
     </span>
     <span class='ocr_line' id='line_1_36' title="bbox 568 4764 3132 4845; baseline -0.001 -19"><span class='ocrx_word' id='word_1_298' title='bbox 568 4768 716 4828; x_wconf 90' lang='lat' dir='ltr'><em>item</em></span> <span class='ocrx_word' id='word_1_299' title='bbox 764 4768 964 4827; x_wconf 85' lang='lat' dir='ltr'><em>eciam</em></span> <span class='ocrx_word' id='word_1_300' title='bbox 1011 4766 1073 4826; x_wconf 88' lang='lat' dir='ltr'><em>in</em></span> <span class='ocrx_word' id='word_1_301' title='bbox 1121 4768 1407 4827; x_wconf 89' lang='lat' dir='ltr'><em>omnibus</em></span> <span class='ocrx_word' id='word_1_302' title='bbox 1475 4768 1980 4845; x_wconf 88' lang='lat' dir='ltr'><em>possessionibus</em></span> <span class='ocrx_word' id='word_1_303' title='bbox 2045 4776 2106 4826; x_wconf 92' lang='lat' dir='ltr'><em>et</em></span> <span class='ocrx_word' id='word_1_304' title='bbox 2167 4766 2563 4845; x_wconf 88' lang='lat' dir='ltr'><em>porcionibus</em></span> <span class='ocrx_word' id='word_1_305' title='bbox 2621 4764 3132 4844; x_wconf 88' lang='lat' dir='ltr'><em>possessionariis</em></span> 
     </span>
     <span class='ocr_line' id='line_1_37' title="bbox 568 4874 3131 4953; baseline -0.001 -19"><span class='ocrx_word' id='word_1_306' title='bbox 568 4876 877 4936; x_wconf 90' lang='lat' dir='ltr'><em>nobilibus</em></span> <span class='ocrx_word' id='word_1_307' title='bbox 927 4876 1205 4935; x_wconf 89' lang='lat' dir='ltr'><em>annotati</em></span> <span class='ocrx_word' id='word_1_308' title='bbox 1253 4876 1519 4935; x_wconf 89' lang='lat' dir='ltr'><em>condam</em></span> <span class='ocrx_word' id='word_1_309' title='bbox 1568 4875 1980 4949; x_wconf 81' lang='lat' dir='ltr'><em>ChernkoniS,</em></span> <span class='ocrx_word' id='word_1_310' title='bbox 2029 4894 2151 4953; x_wconf 91' lang='lat' dir='ltr'><em>que</em></span> <span class='ocrx_word' id='word_1_311' title='bbox 2186 4875 2263 4934; x_wconf 88' lang='lat' dir='ltr'><em>ab</em></span> <span class='ocrx_word' id='word_1_312' title='bbox 2299 4875 2520 4934; x_wconf 90' lang='lat' dir='ltr'><em>eodem</em></span> <span class='ocrx_word' id='word_1_313' title='bbox 2550 4874 2611 4933; x_wconf 89' lang='lat' dir='ltr'><em>in</em></span> <span class='ocrx_word' id='word_1_314' title='bbox 2645 4874 2902 4933; x_wconf 88' lang='lat' dir='ltr'><em>easdem</em></span> <span class='ocrx_word' id='word_1_315' title='bbox 2933 4874 3131 4949; x_wconf 89' lang='lat' dir='ltr'><em>Wyn-</em></span> 
     </span>
     <span class='ocr_line' id='line_1_38' title="bbox 564 4978 3128 5063; baseline -0.002 -21"><span class='ocrx_word' id='word_1_316' title='bbox 564 4984 729 5057; x_wconf 87' lang='lat' dir='ltr'><em>kam,</em></span> <span class='ocrx_word' id='word_1_317' title='bbox 777 4983 1039 5043; x_wconf 78' lang='lat' dir='ltr'><em>Elenasn</em></span> <span class='ocrx_word' id='word_1_318' title='bbox 1088 4993 1149 5043; x_wconf 88' lang='lat' dir='ltr'><em>et</em></span> <span class='ocrx_word' id='word_1_319' title='bbox 1197 4984 1602 5063; x_wconf 87' lang='lat' dir='ltr'><em>Margatham</em></span> <span class='ocrx_word' id='word_1_320' title='bbox 1649 4984 1936 5043; x_wconf 88' lang='lat' dir='ltr'><em>dominas</em></span> <span class='ocrx_word' id='word_1_321' title='bbox 1983 4982 2320 5043; x_wconf 88' lang='lat' dir='ltr'><em>nobilitatis</em></span> <span class='ocrx_word' id='word_1_322' title='bbox 2353 4981 2486 5041; x_wconf 90' lang='lat' dir='ltr'><em>iure</em></span> <span class='ocrx_word' id='word_1_323' title='bbox 2518 4978 3128 5053; x_wconf 85' lang='lat' dir='ltr'><em>condescendissent,</em></span> 
     </span>
    </p>
   </div>
  </div>
 </body>
</html>
