3917 5592
2968 479 3078 550 151

555 712 618 768 et
662 702 1133 785 perpetuatione
1198 704 1485 765 villarum
1546 699 1885 767 Petrouina
1956 713 2019 765 et
2064 700 2354 765 Hrascha
2398 712 2766 765 vocatarum
2813 724 2888 764 ac
2934 703 3118 763 unius

556 812 971 894 possessionis
1027 811 1457 890 Sylyakovina
1516 814 1885 891 appellatae,
1932 812 2224 873 videlicet
2270 812 2610 872 venerabili
2657 811 2790 871 viro
2838 811 3118 871 Christo-

555 923 751 1001 phoro
798 920 1155 999 praeposito
1226 921 1303 979 de
1353 919 1726 1000 Glogoncha
1798 927 1861 980 et
1907 920 2210 1000 magistro
2281 919 2540 979 Nicolao
2595 918 2736 979 filiis
2807 918 3124 997 quondam

556 1028 799 1088 Nicolai
846 1028 992 1088 dicti
1040 1030 1247 1088 Thoth
1295 1028 1373 1091 de
1420 1028 1872 1103 Zwmzedwar,
1920 1028 2036 1087 hos
2087 1036 2296 1087 autem
2331 1046 2368 1087 a
2407 1026 2807 1105 perceptione
2841 1034 2904 1086 et
2933 1026 3121 1085 intro-

560 1135 857 1195 missione
904 1134 967 1194 in
1015 1135 1356 1195 dominium
1405 1136 1746 1195 earundem
1793 1136 2096 1209 villarum,
2144 1134 2444 1213 prohibet.

769 1274 1009 1328 Ioannes
1049 1273 1289 1343 Tkalcic,
1330 1274 1476 1329 Mon.
1518 1275 1647 1329 hist.
1694 1274 1829 1329 clvit
1889 1273 2197 1341 Zagrabiae
2241 1274 2302 1328 11.
2347 1291 2400 1343 p.
2427 1274 2478 1327 3.
2518 1303 2584 1313 —
2627 1272 2910 1342 Originale
2958 1272 3117 1326 char-

558 1367 795 1433 taceum,
835 1380 871 1418 a
910 1368 1064 1432 tergo
1104 1363 1443 1434 impressum
1483 1364 1743 1433 sigillum.
1784 1365 1843 1418 In
1884 1364 2118 1419 archivo
2159 1364 2310 1419 civit.
2351 1364 2672 1432 Zagrabiae.

1744 1649 1948 1720 161.

773 1849 961 1908 Anno
1015 1847 1199 1910 1401.
1248 1848 1305 1909 4.
1356 1850 1519 1910 iunii.

568 2040 972 2126 Capitulum
1017 2043 1337 2108 ecclesiae
1390 2043 1761 2121 Budensis
1810 2044 2058 2109 literas
2101 2043 2474 2112 relatorias
2519 2043 2816 2128 capituli
2861 2045 3122 2130 Zagru-

562 2148 829 2214 biensis
856 2172 917 2215 a.
948 2153 1124 2232 1346.
1153 2167 1248 2216 12.
1281 2152 1463 2216 maii
1507 2155 1870 2217 emanatas
1913 2174 1998 2217 ac
2045 2152 2506 2237 Sigismundo
2555 2152 2978 2237 Hungariae
3007 2156 3126 2219 etc,

562 2259 714 2341 regi
760 2258 807 2321 d
811 2259 836 2321 i
839 2262 1079 2335 rectas,
1125 2259 1207 2323 de
1245 2263 1527 2344 peracta
1572 2262 1953 2326 statutione
1994 2252 2470 2345 possessionis
2515 2260 2695 2325 Raki
2698 2260 2900 2325 touch
2957 2259 3123 2326 Gre-

1194 2367 1403 2450 gorio
1436 2366 1600 2451 filio
1648 2366 2002 2453 Stephani,
2046 2368 2457 2433 transumit.

775 2565 907 2624 Nos
954 2566 1294 2644 capitulum
1341 2567 1604 2628 ecclesie
1651 2567 1959 2629 Budensis
2009 2548 2308 2628 memorie
2349 2568 2860 2628 commendantes
2907 2574 3124 2629 tenore

562 2672 953 2749 presencium
1002 2674 1429 2753 significamus
1479 2675 1703 2753 quibus
1751 2675 2002 2753 expedit
2048 2676 2372 2749 universiS‚
2437 2675 2606 2753 quod
2653 2675 2748 2734 vir
2794 2675 3122 2755 religiosus

561 2778 753 2839 frater
776 2761 779 2764 ¹
800 2781 1127 2855 IohanneS,
1174 2781 1344 2859 prior
1383 2781 1606 2841 domus
1654 2782 1994 2841 cenobialis
2040 2782 2208 2843 beati
2241 2782 2568 2842 Laurencii
2615 2782 2882 2841 martiris
2928 2801 3123 2861 prope

562 2886 824 2962 Budam,
870 2889 1132 2947 fratrum
1178 2889 1624 2951 heremitarum
1672 2889 1905 2949 ordinis
1952 2890 2152 2949 sancti
2185 2890 2362 2949 Pauli
2409 2889 2590 2968 primi
2638 2889 2955 2964 heremite,
3005 2889 3120 2949 sub

558 2996 779 3075 regula
825 2995 995 3055 beati
1060 2996 1397 3075 Augustini
1445 2997 1838 3077 degendum,
1901 2997 1961 3056 in
2011 3016 2280 3076 persona
2345 2995 2568 3075 prioris
2615 2996 2928 3076 generalis
2977 2996 3123 3057 dicti

558 3102 810 3176 ordiniS,
880 3104 961 3163 ad
1027 3111 1304 3163 nostram
1376 3105 1685 3164 accedens
1748 3104 2160 3183 presenciam,
2211 3104 2510 3181 ⁴exhibuit
2567 3104 2745 3163 nobis
2815 3104 3122 3182 quasdam

560 3209 799 3269 litteras
846 3211 1226 3271 honorabilis
1274 3211 1526 3290 capituli
1573 3212 1836 3272 ecclesie
1883 3212 2348 3293 ZagrabiensiS‚
2415 3212 2530 3271 sub
2578 3211 2874 3290 pendenti
2919 3212 3122 3292 sigillo

559 3316 839 3394 ipsorum
902 3326 1245 3392 emanataS,
1314 3328 1535 3397 petens
1582 3338 1699 3379 nos
1760 3319 1974 3379 humili
2022 3339 2163 3379 cum
2211 3319 2532 3394 instancia,
2604 3327 2672 3377 ut
2718 3320 2974 3379 easdem
3021 3318 3122 3379 dei

556 3424 751 3484 verbo
785 3426 867 3485 ad
899 3426 1161 3485 verbum
1208 3428 1536 3487 transcribi
1568 3435 1906 3507 nostroque
1955 3428 2157 3508 sigillo
2189 3428 2486 3506 pendenti
2525 3426 2883 3507 consignari
2910 3426 3121 3487 facere

557 3532 976 3611 dignaremur.
1070 3535 1352 3612 Quarum
1399 3544 1577 3596 tenor
1625 3535 1676 3595 is
1725 3544 1855 3596 est:
1928 3536 2156 3613 (Vide
2204 3536 2300 3595 do
2321 3554 2371 3595 c.
2433 3554 2486 3595 a.
2543 3531 2729 3595 1346.
2789 3531 2882 3594 16.
2931 3534 3120 3594 maii

557 3659 587 3697 s
608 3641 700 3700 ub
765 3641 881 3701 No,
931 3640 1075 3719 59.).
1170 3644 1301 3703 Nos
1365 3644 1555 3724 igitur
1618 3644 1795 3705 iustis
1844 3651 1908 3704 et
1967 3644 2086 3704 iuri
2147 3644 2439 3704 consonis
2501 3643 2911 3722 peticionibus
2973 3642 3120 3701 dicti

555 3748 846 3809 Iohannis
908 3750 1130 3828 prioris
1192 3752 1618 3813 favorabiliter
1665 3754 1955 3827 inclinati,
2026 3753 2339 3832 predictas
2401 3754 2636 3813 litteras
2684 3752 2746 3812 in
2793 3752 2960 3812 nulla
3022 3752 3119 3811 sui

554 3864 730 3932 parte
794 3857 1074 3933 viciatas,
1146 3861 1260 3919 sed
1307 3859 1475 3919 omni
1540 3880 1796 3938 prorsus
1858 3861 2212 3939 suspicione
2275 3869 2576 3935 carenteS,
2645 3861 2724 3919 de
2781 3859 2972 3919 verbo
3037 3860 3117 3919 ad

554 3963 816 4022 verbum
879 3966 1206 4026 transcribi
1255 3976 1317 4027 et
1362 3976 1575 4027 nostro
1638 3969 1840 4049 sigillo
1888 3968 2184 4047 pendenti
2247 3968 2508 4027 fecimus
2555 3965 2912 4046 consignari
2966 3966 3115 4026 ube-

554 4070 781 4131 riorem
845 4074 926 4133 ad
982 4076 1307 4136 cautelam.
1400 4077 1631 4136 Datum
1701 4078 1895 4137 tercio
1962 4078 2063 4138 die
2128 4078 2272 4137 festi
2327 4076 2769 4155 preciosissimi
2839 4076 3115 4154 corporis

555 4178 805 4255 Christi,
854 4201 1019 4241 anno
1068 4182 1350 4243 eiusdem
1397 4184 1723 4244 millesimo
1771 4185 2392 4265 quadringentesimo
2441 4185 2657 4263 prim0.

768 4320 1050 4391 originale
1078 4325 1522 4380 membraneum.
1560 4324 1718 4379 Zona
1742 4324 1957 4379 sericea
1997 4324 2132 4378 olim
2159 4322 2311 4378 rubri
2351 4323 2557 4377 coloris
2585 4322 2868 4392 appendet
2903 4323 3115 4391 absque

553 4410 756 4480 sigill0.
827 4411 889 4466 In
927 4414 1161 4469 archivo
1209 4430 1427 4483 regnor.
1484 4413 1543 4470 C.
1580 4414 1634 4469 S.
1673 4417 1729 4468 et
1766 4414 1857 4467 D.:
1913 4414 2047 4468 Doc.
2085 4413 2259 4468 medii
2316 4412 2444 4467 aevi
2489 4428 2540 4466 a.
2583 4410 2756 4481 1344„
2797 4412 2933 4466 olim
2973 4412 3112 4465 Acta

552 4508 793 4559 monast.
832 4504 1186 4560 Remetensis
1224 4506 1357 4560 fasc.
1396 4505 1434 4560 Ι.
1473 4504 1574 4559 No.
1613 4504 1663 4558 7.
