3917 5592
751 472 839 551 56

754 703 960 765 missis
1028 704 1108 763 ad
1169 722 1286 764 nos
1335 722 1552 764 eorum
1608 702 1865 779 nunciiS,
1935 716 2085 764 suas
2133 700 2543 765 necessitates
2606 712 2669 765 et
2730 700 2983 765 iniurias
3032 702 3092 763 in
3154 696 3321 764 facto

757 812 1196 891 occupacionis
1242 813 1714 891 possessionum
1773 822 1836 873 et
1897 812 2262 873 violacionis
2310 812 2665 872 libertatum
2730 831 2985 872 suarum
3050 830 3125 871 ac
3188 810 3323 871 aliis

757 920 1231 999 quibuscunque
1297 920 1499 979 modis
1568 939 1921 998 perpessa8‚
1994 927 2203 979 nostre
2265 918 2621 1000 significare
2686 920 2927 980 curauit
2994 918 3323 991 maiestati,

757 1026 983 1104 quibus
1031 1026 1259 1089 auditis
1293 1036 1355 1087 et
1401 1027 1676 1089 seriatim
1725 1027 2037 1106 perceptis
2071 1028 2152 1087 ad
2183 1034 2391 1087 vestre
2438 1027 2752 1087 fidelitatis
2781 1026 3075 1101 medium,
3121 1026 3321 1085 virum

757 1134 1160 1215 magnificum
1193 1134 1511 1193 dominum
1543 1134 1873 1195 Nicolaum
1903 1134 2097 1194 filium
2130 1134 2449 1211 Stephani,
2481 1134 2731 1205 banum,
2762 1134 3010 1194 fidelem
3042 1141 3323 1192 nostrum

761 1242 1050 1302 duximus
1097 1241 1660 1316 transmittendum,
1724 1242 1830 1320 qui
1878 1241 2057 1302 vobis
2106 1261 2296 1320 super
2358 1240 2733 1320 quibuslibet
2780 1241 3004 1301 vestris
3050 1240 3323 1301 necessi·

757 1350 989 1412 tatibus
1039 1358 1101 1409 et
1146 1349 1383 1411 iniuriis
1432 1369 1471 1409 a
1532 1348 2005 1429 quibuscunque
2055 1357 2117 1409 et
2163 1350 2725 1429 quomodocunque
2790 1348 2969 1408 uobis
3015 1348 3324 1427 irrogatiS,

759 1458 1260 1518 satisfaccionem
1307 1456 1730 1517 omnimodam
1777 1457 2097 1535 impendet
2142 1465 2357 1518 nostra
2389 1457 2755 1518 auctoritate
2803 1457 3133 1517 mediante.
3180 1456 3325 1515 Illas

761 1574 972 1625 autem
1017 1565 1427 1624 necessitates
1475 1573 1538 1625 et
1583 1563 1840 1624 iniurias
1888 1572 2150 1638 vestras,
2200 1582 2389 1641 super
2428 1562 2653 1642 quibus
2699 1562 2835 1643 ipse
2883 1562 3169 1622 dominus
3216 1560 3324 1621 Ni-

761 1673 975 1734 colaus
1043 1671 1247 1731 banus
1314 1672 1815 1731 satisfaccionem
1885 1671 2180 1731 exhibere
2244 1690 2367 1731 non
2424 1672 2679 1745 valeret,
2724 1670 2860 1729 illas
2931 1669 3047 1729 sub
3122 1668 3325 1747 sigillo

765 1779 1046 1839 eiusdem
1080 1777 1312 1838 domini
1343 1778 1587 1839 Nicolai
1616 1777 1782 1853 bani,
1815 1797 1928 1856 per
1955 1788 2233 1839 vestram
2265 1776 2775 1838 communitatem
2806 1784 3017 1837 nostre
3052 1775 3327 1835 seriatim

763 1885 1083 1945 notificare
1118 1894 1181 1945 et
1213 1886 1532 1947 declarare
1581 1886 1869 1947 uolumus
1901 1886 2233 1961 maiestati,
2280 1887 2360 1946 de
2392 1885 2616 1963 quibus
2663 1885 2917 1944 tandem
2949 1885 3097 1962 quid
3144 1882 3329 1943 fuerit

761 1991 1115 2053 faciendum
1182 1991 1609 2054 discernentes
1675 1992 2175 2053 deliberabimus
2269 1992 2502 2052 Datum
2566 1992 2628 2051 in
2692 1992 3104 2071 Wyssegrad,
3172 1989 3328 2051 feria

764 2100 1042 2161 secunda
1087 2101 1370 2178 proxima
1419 2109 1564 2161 ante
1610 2100 1840 2161 festum
1899 2100 2284 2161 ascensionis
2332 2100 2581 2173 domini,
2653 2118 2817 2160 anno
2866 2098 3148 2159 eiusdem
3196 2098 3325 2158 rnil-

763 2207 982 2268 lesimo
1030 2202 1415 2269 CCC⁰.XL⁰.
1464 2206 1674 2268 tercio,

976 2346 1260 2415 originale
1319 2349 1746 2401 membraneum
1803 2364 1930 2403 cum
1988 2364 2024 2401 a
2059 2352 2215 2415 tergo
2272 2348 2524 2417 appressi
2582 2347 2747 2416 sigilli
2787 2347 3043 2415 vestigio,
3092 2346 3163 2400 de
3213 2362 3325 2417 quo

762 2436 946 2489 solum
987 2437 1351 2489 membr-anea
1389 2437 1560 2504 ligula
1595 2439 1766 2491 extat.
1807 2438 1865 2491 ln
1903 2437 2141 2491 archivo
2180 2437 2351 2492 nobil.
2392 2452 2675 2491 commun.
2716 2436 3037 2505 Turopolje.

1976 2722 2121 2793 ⁵⁷.

980 2922 1165 2981 Anno
1223 2919 1407 2982 1344.
1457 2920 1558 2983 25.
1607 2921 1983 2983 novembris,
2034 2924 2101 2983 In
2148 2923 2560 3002 Wyssegrad.

769 3114 1161 3179 Lodovicus
1205 3114 1628 3199 Hungariae
1671 3118 1788 3179 etc.
1835 3135 1976 3193 rex,
2046 3115 2349 3199 capitulo
2396 3116 2547 3180 eccl.
2600 3114 3099 3199 Zagrabiensis
3152 3114 3319 3179 Gre-

762 3222 1054 3307 gorium
1105 3220 1350 3306 filium
1397 3220 1732 3307 Stephani
1791 3223 1874 3288 in
1925 3224 2397 3307 possessiones
2441 3222 2789 3307 quondam
2838 3222 3121 3289 Nicolai
3174 3221 3330 3307 filii

773 3330 1010 3395 Patres
1057 3327 1450 3415 iobagionis
1497 3330 1715 3395 castri
1759 3329 2275 3415 Zagrabiensis,
2322 3330 2717 3413 specialiter
2761 3331 2841 3394 in
2888 3329 3325 3404 Rakitouech,

1761 3437 1986 3501 statui
2032 3436 2336 3501 mandat.

985 3618 1341 3679 Lodouicus
1374 3618 1476 3679 dei
1522 3618 1740 3699 gracia
1769 3638 1876 3678 rex
1909 3619 2238 3697 Hungarie
2284 3618 2571 3678 fidelibus
2604 3618 2734 3679 suis
2768 3618 3036 3697 capitulo
3069 3616 3331 3678 ecclesie

773 3726 1220 3805 Zagrabiensis
1289 3728 1556 3786 salutem
1619 3735 1681 3786 et
1744 3726 2041 3806 graciam.
2136 3727 2467 3801 NouerifiS‚
2538 3728 2705 3805 quod
2776 3727 3121 3808 Gregorius
3172 3725 3333 3786 filius

777 3833 1096 3913 Stephani,
1143 3832 1343 3894 fidelis
1371 3841 1601 3908 noster,
1647 3853 1814 3893 nunc
1844 3832 2113 3894 famulus
2160 3834 2478 3914 magnifici
2508 3834 2623 3893 viri
2656 3834 2895 3894 Nicolai
2942 3834 3088 3894 bani
3134 3833 3334 3893 tocius

773 3942 1123 4016 Sclauonie,
1174 3943 1254 4001 ad
1301 3948 1513 4003 nostre
1563 3941 1912 4001 serenitatis
1962 3942 2323 4002 accedendo
2352 3943 2761 4019 presenciam,
2808 3962 2957 4002 suas
3004 3942 3335 4001 fidelitates

777 4057 840 4108 et
905 4047 1172 4109 seruicia
1217 4047 1398 4107 nobis
1467 4066 1582 4125 per
1626 4048 1895 4109 eundem
1955 4047 2238 4128 vigilanti
2287 4067 2439 4108 cura
2500 4056 2561 4107 et
2626 4048 2836 4109 solerti
2884 4049 2944 4107 in
3000 4049 3227 4108 nostris
3275 4056 3339 4107 et

777 4154 956 4235 regni
1001 4156 1196 4215 nostri
1243 4154 1752 4233 expedicionibus
1799 4155 2080 4228 diuersiS‚
2128 4155 2481 4233 specialiter
2524 4155 2589 4217 in
2633 4155 3063 4235 legacionibus
3110 4156 3336 4215 nostris

778 4260 1093 4341 plerisque
1140 4261 1446 4323 exhibitas
1478 4270 1542 4321 et
1571 4262 1854 4340 impensa
1901 4281 2257 4339 proponens
2289 4281 2363 4322 ac
2396 4263 2723 4323 declarans
2770 4283 2845 4322 ac
2878 4262 2937 4322 in
2973 4263 3336 4323 memoriam

778 4369 1085 4431 reducens
1147 4377 1358 4429 nostre
1405 4369 1769 4443 maiestatiS,
1833 4370 2157 4429 vniuersas
2218 4370 2652 4447 possessiones
2700 4379 2762 4431 et
2807 4370 3337 4449 possessionarias

779 4474 1110 4554 porciones
1158 4476 1427 4537 condam
1497 4475 1738 4536 Nicolai
1787 4476 1891 4536 filii
1939 4478 2158 4536 Petres
2210 4476 2561 4557 iobagionis
2610 4478 2797 4538 castri
2858 4478 3051 4537 nostri
3098 4478 3336 4557 Zagra·

776 4581 1012 4643 biensis
1059 4582 1289 4662 ubique
1323 4584 1440 4644 sub
1467 4583 1700 4643 banatu
1749 4584 1949 4643 tocius
1982 4584 2313 4645 Sclauonie
2364 4586 2715 4661 existenteS,
2763 4593 2891 4644 tam
2932 4585 3339 4645 hereditarias

781 4710 970 4769 quam
1017 4690 1344 4768 empticias
1391 4700 1453 4751 et
1499 4690 1620 4750 alio
1668 4691 1892 4769 quouis
1937 4692 2115 4751 titulo
2165 4694 2245 4752 ad
2291 4694 2495 4771 ipsum
2542 4693 2942 4771 pertinentes,
2990 4692 3341 4771 specialiter

779 4798 953 4859 iuxta
1011 4797 1272 4857 fluuium
1333 4800 1526 4871 lana,
1589 4808 1718 4857 tam
1767 4800 1827 4867 in
1877 4800 2116 4879 campis
2178 4809 2241 4861 et
2302 4801 2473 4861 siluis
2542 4820 2729 4879 quam
2789 4800 2850 4861 in
2913 4800 3340 4861 Rakithouech

781 4905 1047 4981 habitaS,
1094 4906 1320 4985 quouis
1353 4906 1602 4967 nomine
1635 4916 1910 4983 vocat-az,
1961 4927 2251 4970 asserens
2281 4909 2485 4987 ipsum
2526 4909 2853 4968 Nicolaum
2886 4909 3079 4969 filiurn
3124 4908 3340 4971 Petres

781 5012 1182 5091 iobagionem
1241 5014 1386 5073 dicti
1448 5014 1636 5074 castri
1685 5015 1896 5089 nostri,
1937 5016 2237 5077 heredum
2288 5016 2520 5076 solacio
2580 5017 2868 5076 orbatum
2916 5017 3210 5091 extitisse,
3280 5025 3343 5076 et
