3917 5592
3008 455 3130 537 123

784 664 1069 750 Originale
1124 672 1568 741 membraneum.
1644 674 1939 755 Appendet
1991 688 2176 741 solum
2233 702 2379 742 zona
2429 688 2644 744 sericea
2695 690 2866 743 rubra
2915 690 3131 759 absque

566 768 768 837 sigillo.
806 770 870 825 In
908 771 1140 827 archivo
1180 789 1396 842 regnor.
1436 774 1495 829 C.
1532 774 1587 831 S.
1616 778 1673 829 et
1696 774 1757 830 D.
1796 776 2130 845 Zagrabiae:
2168 776 2302 832 Doe.
2343 778 2486 831 med.
2527 778 2655 833 aevi
2695 794 2749 833 a.
2781 777 2954 848 1388„
2995 779 3130 833 olim

568 862 707 915 Acta
746 868 988 917 monast.
1026 863 1381 919 Remetensis
1420 865 1553 920 fasc.
1595 865 1643 920 1.
1682 864 1785 921 No.
1824 865 1909 920 21.

788 1042 799 1068 ¹
838 1041 936 1096 sie.
1014 1040 1033 1069 ²
1068 1040 1166 1097 sic.
1244 1040 1267 1072 ³
1303 1042 1401 1097 sic.
1476 1042 1496 1072 ⁴
1534 1043 1631 1098 sic.
1712 1044 1729 1071 ⁵
1767 1043 1864 1099 sic.
1943 1045 1961 1073 ⁶
2001 1044 2081 1098 sie
2119 1043 2454 1115 (Coehyan).

1751 1328 1953 1399 118.

773 1528 960 1588 Anno
1017 1525 1199 1590 1389.
1248 1527 1307 1592 3.
1356 1530 1519 1591 maii.
1576 1530 1949 1611 Zagrabiae.

565 1720 813 1787 Coram
888 1722 1093 1825 Petro
1158 1722 1320 1809 filio
1398 1722 1690 1809 Georgii
1763 1728 2088 1810 zuppano
2155 1724 2238 1789 de
2312 1725 2569 1810 Campo
2645 1723 3123 1811 Zagrabiensi,

558 1830 795 1895 Endre
852 1830 1063 1915 filius
1124 1830 1353 1896 Iacobi
1398 1831 1655 1897 nobilis
1714 1831 1797 1895 de
1867 1831 2146 1909 Gorim,
2211 1833 2718 1916 possessionem
2779 1852 2982 1896 suam
3045 1833 3124 1896 in

560 1937 1010 2024 Rakitowech,
1077 1941 1381 2025 quinque
1442 1940 1705 2004 marcis
1777 1938 2066 2023 Myreno
2124 1937 2288 2023 filio
2349 1938 2806 2037 Radenkoich‚
2867 1938 3120 2003 vendit.

768 2136 903 2196 Nos
950 2138 1173 2197 Petrus
1220 2137 1384 2198 filius
1432 2134 1693 2218 Georgii
1750 2157 2001 2216 zuppan
2048 2139 2126 2199 de
2176 2136 2422 2216 Campo
2468 2136 2883 2218 Zagrabiensi
2930 2137 3120 2216 signi·

556 2242 817 2305 ficamus
862 2254 1080 2305 tenore
1128 2245 1522 2324 presencium
1570 2245 1795 2325 quibus
1845 2246 2097 2324 expedit
2143 2245 2468 2320 vniuersiS,
2533 2245 2702 2323 quod
2750 2245 3121 2305 accedentes

558 2352 640 2411 ad
682 2360 961 2412 nostram
1022 2353 1415 2431 presenciam
1480 2353 1705 2429 Myren
1772 2350 1939 2413 filius
1987 2352 2392 2413 Radenkoich
2456 2372 2597 2412 curn
2643 2352 2786 2412 filiis
2827 2351 2977 2411 -suis
3041 2352 3120 2411 ab

555 2476 680 2519 vna
727 2467 922 2537 parte,
970 2459 1049 2519 ab
1098 2460 1296 2519 altera
1340 2478 1492 2519 vero
1538 2460 1748 2521 Endre
1811 2460 1977 2520 filius
2022 2459 2234 2520 Iacobi
2280 2459 2559 2519 similiter
2606 2477 2750 2519 cum
2805 2458 2945 2519 filiis
2991 2457 3120 2517 suis

553 2566 773 2627 nobilis
801 2556 881 2627 de
914 2566 1162 2643 Gorica,
1210 2562 1591 2646 protestatus
1640 2576 1737 2627 est
1766 2569 1868 2628 vel
1900 2576 2409 2647 protestauerunt
2454 2586 2666 2627 coram
2699 2566 2879 2625 nobis
2911 2566 3120 2626 Endre

556 2693 695 2737 cum
740 2675 880 2735 filiis
940 2674 1069 2735 suis
1117 2674 1430 2753 predictiS,
1494 2684 1564 2735 vt
1608 2676 1855 2736 Mireno
1920 2696 2064 2735 cum
2110 2676 2253 2736 filiis
2311 2676 2440 2737 suis
2488 2674 2782 2755 predictis
2844 2673 3123 2733 vendidit

554 2782 1014 2861 possessionem
1076 2801 1258 2843 suam
1304 2782 1367 2842 in
1413 2782 1837 2858 Rakitowech‚
1902 2803 2093 2862 super
2139 2784 2364 2863 quibus
2427 2783 2655 2860 Myren
2721 2781 2928 2860 posuit
2990 2788 3125 2843 sta-.

554 2890 765 2950 bulum
812 2910 996 2951 suum
1044 2891 1107 2949 in
1151 2890 1553 2969 possessione
1609 2910 1722 2951 seu
1767 2890 2082 2969 porcione,
2145 2910 2267 2970 que
2315 2890 2688 2969 pertinebat·
2711 2898 2860 2948 tunc
2905 2888 3116 2947 Endre

553 2993 858 3075 predicti,¹
905 2998 985 3058 ad
1033 2998 1191 3059 duas
1238 3006 1408 3075 mety
1455 2996 1775 3078 sepedicto
1821 2998 2049 3075 Myren
2111 3017 2254 3057 cum
2300 2997 2439 3058 filiis
2489 2996 2636 3072 suiS‚
2685 2993 2961 3055 vendidit
3006 3013 3124 3072 pro

553 3104 821 3185 quinque
868 3104 1095 3165 marcis
1146 3105 1562 3180 denariorum,
1611 3106 1689 3165 de
1737 3124 2050 3165 consensu
2107 3113 2682 3166 commetaneorum
2727 3104 2845 3182 ipsi
2891 3103 3115 3180 Myren

553 3230 691 3271 cum
738 3212 877 3272 filiis
924 3211 1053 3272 suis
1100 3212 1433 3292 sepedictis
1468 3221 1530 3272 et
1560 3231 1673 3291 per
1720 3232 1864 3273 eum
1896 3212 2091 3291 ipsius
2138 3212 2474 3273 heredibus
2521 3209 3115 3287 successoribusque

554 3317 855 3379 vniuersis
901 3318 1020 3379 sibi
1064 3318 1341 3397 plenarie
1373 3319 1724 3397 persolutiS,
1774 3320 2074 3380 donasset
2120 3339 2195 3380 ac
2235 3320 2621 3381 vendidisset
2667 3338 2742 3379 eo
2790 3318 2940 3392 iure,
2989 3336 3114 3395 quo

555 3426 633 3485 ad
696 3426 899 3505 ipsum
967 3427 1179 3487 Endre
1236 3446 1379 3488 cum
1454 3427 1591 3487 filiis
1651 3426 1781 3487 suis
1850 3427 2219 3505 pertinebat,
2290 3436 2593 3506 perpetuo
2668 3425 3114 3505 possidendam

554 3533 780 3610 pariter
826 3542 889 3593 et
928 3534 1308 3608 habendam,
1340 3553 1668 3597 assumens
1717 3534 1917 3597 eciam
1965 3536 2132 3595 idem
2163 3536 2373 3595 Endre
2421 3554 2566 3595 cum
2611 3534 2751 3594 filiis
2798 3533 3108 3612 prefatum

554 3641 773 3717 Myren
822 3661 965 3701 cum
1011 3641 1149 3701 filiis
1196 3642 1391 3720 ipsius
1424 3656 1823 3703 successores
1872 3643 1951 3703 ab
2001 3643 2288 3703 omnibus
2321 3644 2384 3702 in
2417 3658 2716 3703 successu
2764 3650 3114 3720 temporum

557 3748 802 3808 racione
833 3748 1135 3827 prelibate
1181 3744 1613 3828 possessione²
1640 3750 1703 3809 in
1738 3750 2142 3811 Rakitowech
2190 3751 2396 3829 ipsum
2426 3761 2534 3811 aut
2579 3751 2749 3828 ipsos
2782 3750 3116 3809 molestare

560 3858 919 3932 volentibuS,
969 3858 1307 3919 defendere
1356 3878 1432 3919 ac
1478 3859 1638 3918 tueri
1684 3858 1951 3939 propriis
1999 3858 2316 3918 laboribus
2365 3866 2426 3917 et
2473 3858 2763 3936 expensis
2810 3857 2957 3916 suis,
3051 3856 3116 3915 In

556 3964 725 4024 cuius
773 3964 862 4024 rei
910 3965 1275 4025 memoriam
1322 3965 1801 4044 firmitatemque
1849 3972 2234 4043 perpetuam,
2291 3966 2374 4025 ad
2419 3964 2788 4025 instanciam
2837 3964 3115 4043 parcium

555 4072 967 4148 predictarum
1014 4082 1338 4151 presentes
1386 4072 1758 4133 contulimus
1804 4072 2043 4133 litteras
2090 4072 2275 4153 sigilli
2305 4072 2501 4133 nostri
2549 4072 2886 4133 munimine
2935 4072 3113 4131 robo-

555 4188 734 4240 ratas,
784 4180 1015 4242 Datum
1047 4180 1379 4261 Zagrabie,
1426 4180 1489 4240 in
1519 4179 1681 4240 festo
1711 4180 2098 4241 invencionis
2130 4188 2346 4240 sancte
2381 4180 2599 4256 crucis,
2633 4179 2788 4240 seria
2818 4180 3113 4252 secunda,

557 4304 715 4345 anno
762 4287 996 4347 domini
1041 4287 1367 4348 millesimo
1414 4282 1919 4349 CCC⁰.LXXX⁰.
1969 4306 2153 4348 nono,

762 4394 1125 4454 Inferius
1196 4396 1273 4457 in
1342 4398 1607 4457 calce:
1676 4396 2035 4474 Stephanus
2106 4396 2406 4457 sacerdos
2465 4394 2712 4473 scripsit
2782 4396 2862 4455 de
2927 4396 3111 4453 Nouo

557 4498 828 4577 Cychan.

760 4639 1042 4709 Originale
1080 4646 1523 4699 membraneum.
1560 4642 1718 4698 Zona
1743 4647 1798 4697 et
1822 4643 2068 4712 sigillum
2109 4644 2280 4698 deest.
2321 4644 2380 4696 In
2419 4640 2654 4697 archivo
2692 4658 2910 4712 regnor.
2952 4641 3007 4696 G.
3050 4641 3114 4695 S.

558 4732 610 4782 et
644 4730 735 4785 D.:
772 4730 908 4785 Doc.
947 4732 1119 4788 medii
1157 4734 1283 4791 aevi
1324 4751 1375 4789 a.
1416 4732 1571 4789 1389.
2189 4742 2192 4745 ’

784 4852 979 4859 --—.—-..-

770 4916 785 4944 ¹
823 4912 921 4968 sie.
1000 4914 1019 4942 ⁸
1056 4914 1153 4967 sic.
