3917 5592
847 457 969 519 176

837 674 890 734 si
935 674 1041 753 qui
1087 675 1188 734 vel
1234 674 1373 753 quis
1419 674 1780 749 eorundem,
1829 674 2010 735 simul
2042 676 2145 735 vel
2178 674 2443 749 divisim,
2490 675 2695 753 ipsam
2742 696 2923 735 suam
2954 676 3211 735 totalem
3258 694 3395 754 por-

838 782 1082 841 cionem
1127 781 1707 859 possessionariam,
1758 781 1912 843 alias
1959 781 2149 841 nobili
2194 781 2329 843 viro
2376 783 2603 843 Iacobo
2652 783 2989 844 castellano
3020 783 3099 842 de
3146 783 3400 858 Medue,

836 890 962 950 filio
1011 889 1270 970 Georgii
1303 890 1380 949 de
1414 889 1713 964 Clokoch‚
1763 889 2177 951 mediantibus
2210 890 2343 951 aliis
2391 890 2608 951 litteris
2648 891 2875 952 nostris
2920 891 3398 971 inpignoratam,

840 998 918 1057 ab
968 998 1192 1057 eodem
1255 1016 1368 1075 pro
1414 1004 1592 1057 tanta
1637 996 1921 1075 pecunia,
1961 1007 1968 1024 ·
1985 1016 2099 1075 pro
2148 1004 2383 1075 quanta
2442 996 2605 1057 foret
2650 998 2859 1058 eidem
2902 998 3130 1058 Iacobo
3178 999 3399 1059 castel-

837 1107 982 1165 lano
1049 1124 1164 1184 per
1209 1104 1414 1183 ipsum
1485 1106 1782 1165 Iacobum
1826 1103 2025 1164 filium
2070 1104 2247 1163 Pauli
2316 1104 2561 1184 pignori
2609 1105 2905 1185 obligata,
2971 1105 3283 1167 redimere
3338 1112 3401 1163 et

838 1214 920 1273 ad
984 1232 1052 1273 se
1117 1214 1396 1291 recipere
1461 1233 1542 1275 an
1588 1232 1668 1273 ne
1715 1213 2076 1287 voluissent,
2148 1214 2421 1293 alioquin
2468 1220 2852 1274 memoratus
2920 1213 3185 1273 Iacobus·
3238 1195 3400 1272 iilius

837 1321 1016 1382 Pauli
1061 1330 1315 1399 propter
1360 1321 1570 1381 varias
1617 1340 1766 1381 suas
1813 1321 2223 1381 necessitates
2270 1321 2476 1400 ipsum
2524 1321 2605 1381 ad
2650 1338 2914 1400 presens
2960 1321 3397 1401 inpugnantes,

841 1429 1110 1491 eandem
1156 1448 1338 1489 suam
1383 1430 1640 1490 totalem
1708 1429 2273 1507 possessionariam
2318 1427 2695 1507 porcionem,
2767 1448 2911 1489 cum
2972 1428 3103 1488 suis
3162 1427 3399 1488 cunctis

839 1536 1232 1616 pertinenciis
1281 1536 1650 1616 cuicumque
1696 1536 1923 1615 poterit
1969 1555 2081 1614 pro
2112 1535 2333 1596 maiori
2378 1534 2785 1613 pecuniarum
2817 1535 3162 1614 quantitate
3208 1553 3398 1613 quam

837 1644 1008 1723 prius
1053 1643 1274 1704 fuisset
1303 1642 1716 1724 inpignorata,
1763 1642 2166 1722 inpignorare
2214 1649 2323 1703 aut
2352 1643 2628 1704 vendere
2674 1643 2863 1703 vellet
2893 1660 2931 1701 a
2959 1660 3029 1702 se
3070 1640 3398 1702 alienando

837 1752 970 1811 iure
1040 1760 1342 1831 perpetuo
1411 1751 1871 1829 possidendam,
1941 1752 2049 1830 qui
2110 1750 2363 1829 quidem
2426 1750 2650 1829 prefati
2712 1748 2988 1829 universi
3048 1756 3113 1809 et
3172 1747 3399 1829 singuli

842 1859 1085 1933 fratres,
1122 1858 1386 1937 proximi
1433 1866 1495 1918 et
1541 1856 1993 1937 consangvinei
2040 1857 2319 1918 eiusdem
2350 1857 2563 1921 Iacobi
2590 1856 2697 1920 filii
2728 1856 2923 1930 Pauli,
2972 1856 3088 1916 rite
3134 1856 3214 1915 ad
3262 1874 3397 1934 pre-

838 1967 1032 2027 missa
1077 1966 1366 2027 facienda
1399 1966 1671 2040 amoniti,
1720 1966 1925 2027 eidem
1972 1966 2291 2046 iobagioni
2324 1965 2810 2045 respondissent,
2858 1965 3029 2044 quod
3073 1964 3276 2025 nullus
3322 1982 3397 2023 ex

837 2074 989 2153 ipsis
1038 2076 1305 2135 eandem
1351 2074 1712 2153 porcionem
1782 2073 2347 2152 possessionariam
2393 2092 2603 2134 emere
2652 2092 2770 2133 nec
2829 2091 2944 2151 pro
2991 2072 3253 2153 pignore
3319 2072 3398 2130 ad

839 2202 908 2242 se
957 2182 1233 2260 recipere
1281 2182 1598 2255 voluisset,
1661 2182 1779 2241 sed
1821 2181 2027 2241 eidem
2072 2182 2301 2242 Iacobo
2368 2182 2495 2241 filio
2541 2180 2721 2240 Pauli
2768 2180 3035 2241 eandem
3082 2196 3261 2239 suam
3308 2186 3397 2237 to-

837 2291 1026 2350 talem
1073 2288 1632 2368 possessionariam
1681 2290 2042 2367 porcionem
2089 2289 2459 2367 cuicumque
2505 2290 2693 2349 vellet
2740 2295 2847 2348 aut
2900 2288 3097 2366 possit
3140 2286 3398 2347 liberam

837 2397 1283 2476 permisissent,
1348 2415 1461 2475 pro
1520 2396 1747 2475 quibus
1795 2405 1857 2456 et
1905 2397 2402 2476 quantiscunque
2461 2394 2741 2475 pecuniis
2788 2394 3054 2456 valuerit
3118 2393 3398 2474 inpigno-

841 2504 1019 2564 randi
1067 2512 1176 2563 aut
1242 2512 1544 2582 perpetue
1607 2504 1919 2564 vendendi
1992 2502 2370 2564 facultatem.
2462 2504 2531 2563 In
2579 2504 2754 2563 cuius
2813 2503 2902 2563 rei
2964 2501 3400 2573 testimonium,

837 2611 1232 2691 presentibus
1281 2611 1486 2691 sigilla
1519 2620 1735 2672 nostra
1780 2612 2071 2672 duximus
2104 2612 2535 2691 appendenda.
2586 2612 2815 2671 Datum
2846 2610 3177 2690 Zagrabie,
3225 2616 3400 2669 sexto

838 2718 938 2778 die
985 2718 1108 2778 diei
1183 2718 1590 2779 amonicionis
1639 2719 2011 2797 supradicte,
2084 2738 2247 2779 anno
2296 2719 2529 2779 domini
2598 2718 2921 2779 millesimo
2969 2711 3248 2778 CCCC0.
3296 2718 3401 2777 de-

837 2825 999 2885 cimo
1047 2834 1288 2885 octavo

957 3002 960 3005 ·
1051 2964 1336 3033 Originale
1393 2968 1837 3034 membraneum,
1903 2968 2192 3036 appendet
2241 2982 2356 3021 una
2411 2974 2575 3020 zona·
2620 2966 2837 3020 sericea
2894 2965 3136 3019 violacei
3195 2962 3402 3020 coloris

836 3054 1050 3122 absque
1105 3054 1307 3123 sigillo,
1369 3055 1483 3107 alia
1519 3072 1654 3110 vero
1713 3056 1846 3109 huie
1881 3072 1918 3111 a
1955 3057 2154 3111 dextra
2210 3055 2347 3110 olim
2388 3055 2637 3110 existens
2693 3055 2862 3124 periit
2897 3070 3141 3109 unacum
3198 3054 3397 3137 sigillo·

838 3143 1002 3213 Apud
1039 3142 1290 3228 nobilem
1331 3144 1580 3199 Marcum
1621 3146 1876 3199 Arbanas
1915 3145 1976 3199 in
2013 3146 2175 3200 Infer.
2215 3144 2488 3200 Lomnica
2523 3144 2624 3200 No.
2662 3144 2750 3199 29.

2028 3430 2230 3499 184.

1053 3631 1248 3689 Anno
1297 3628 1479 3691 1420.
1538 3629 1631 3691 15.
1683 3631 1951 3711 augusti.
2002 3634 2069 3690 In
2119 3650 2262 3691 arce
2311 3632 2597 3691 Medwe.·

841 3823 1137 3887 Ioannes
1183 3822 1266 3886 de
1312 3822 1526 3886 Alben
1572 3823 1903 3887 dominus
1949 3822 2031 3887 de
2076 3822 2355 3901 Medwe,
2404 3822 2663 3887 Ioanni
2695 3822 2857 3906 filio
2904 3818 3122 3886 Pauli
3158 3820 3240 3886 de
3273 3800 3401 3885 Pa'-

1543 3930 1696 3994 tina
1737 3930 2111 4013 praedium
2158 3928 2454 4007 Babcha,
2486 3929 2713 3994 donat.
3396 3977 3399 3981 -

1049 4130 1182 4189 Nos
1252 4130 1566 4188 Iohannes
1624 4129 1794 4188 filius
1861 4129 2132 4188 Rudolffi
2201 4129 2279 4189 de
2346 4129 2566 4202 Alben,
2631 4128 2919 4188 dominus
2980 4128 3059 4187 de
3123 4129 3392 4203 Medwe,

837 4256 1176 4317 regnorum
1221 4236 1543 4296 Dalmacie
1608 4243 1671 4295 et
1716 4235 1983 4295 Croacie
2030 4235 2271 4314 pridem
2302 4235 2505 4296 banus
2546 4235 2844 4295 memorie
2878 4236 3395 4304 commendamus

837 4364 950 4423 per
993 4350 1321 4422 presentes
1369 4342 1594 4422 quibus
1641 4342 1892 4421 expedit
1938 4342 2262 4417 universiS,
2312 4344 2481 4421 quod
2522 4362 2636 4402 nos
2667 4342 3075 4403 consideratis
3108 4343 3397 4421 gratuitis

839 4451 1116 4512 serviciis
1166 4451 1461 4511 Iohannis
1507 4450 1614 4510 filii
1675 4450 2003 4509 Michaelis
2068 4450 2145 4509 de
2194 4449 2434 4524 Patina,
2482 4449 2705 4527 quibus
2752 4450 2889 4527 ipse
2940 4448 3286 4509 reverendo
3326 4449 3397 4521 ,in

838 4560 1089 4619 Christo
1151 4558 1314 4637 patri
1377 4558 1645 4617 condam
1701 4557 2069 4617 Eberhardo
2138 4556 2432 4635 episcopo
2504 4556 2917 4636 Zagrabiensi
2988 4564 3103 4616 etc.
3174 4555 3405 4627 maiori,

837 4666 1010 4727 tratri
1057 4675 1269 4726 nostro
1319 4674 1380 4725 et
1441 4672 1584 4744 post
1628 4665 1833 4743 ipsum
1893 4663 2075 4723 nobis
2137 4664 2484 4743 ceterisque
2532 4664 2761 4723 nostris
2806 4662 3101 4723 fratribus
3146 4663 3397 4737 studuit,

838 4774 1045 4833 studet
1091 4780 1153 4832 et
1201 4772 1472 4832 studebit
1517 4772 1578 4831 in
1624 4771 1900 4831 futurum
1948 4772 2339 4849 complacere
2386 4770 2717 4845 indefesse,
2750 4770 3036 4849 utigitur
3070 4771 3391 4847 Johannes

843 4902 957 4961 pro
1043 4882 1306 4942 hiisdem
1369 4882 1659 4942 fidelibus
1717 4880 2033 4958 obsequiis
2096 4878 2275 4939 nobis
2342 4887 2408 4939 et
2464 4878 2754 4938 fratribus
2831 4876 3075 4951 nostris,
3144 4885 3212 4936 ut
3256 4896 3395 4955 pre-

844 4990 1118 5083 mittitur,
1188 4988 1453 5061 fideliter
1521 4988 1837 5081 impensiS,
1917 4988 2251 5083 aliqualem
2319 4987 2543 5061 saltem
2628 5004 2884 5045 suorum
2951 4983 3395 5079 premissorum
