3917 5592
824 470 948 536 144

811 690 1033 750 eadem
1081 690 1296 749 Mlaka
1341 689 1726 749 transeundo.
1784 688 2071 767 peruenit
2119 689 2199 749 ad
2264 708 2455 748 unam
2502 688 2788 747 arborem
2845 688 3010 761 tolfa‚
3057 688 3365 767 podgore-

810 798 946 859 lech
994 805 1285 857 vocatam
1340 816 1650 875 cruceque
1699 796 2047 877 signatam,¹
2079 796 2223 857 inde
2271 796 2652 857 transeundo
2682 815 2794 873 per
2826 796 3058 855 bonum
3090 796 3377 874 spacium

812 905 984 969 venit
1030 906 1112 965 ad·
1157 925 1346 965 unam
1409 904 1579 964 viam
1624 904 1953 983 publicam,
2019 922 2141 983 que
2190 903 2357 965 cadit
2424 903 2485 962 in
2532 904 2846 981 quendam
2895 904 3176 971 riuulum
3206 904 3364 963 Hra-

810 1013 1138 1089 mechinye
1185 1020 1672 1091 nuncupatum«.
1764 1012 1844 1071 Et
1890 1012 2041 1071 dum
2086 1011 2250 1073 hanc
2296 1011 2358 1069 in
2408 1028 2667 1073 causam
2714 1010 2992 1071 attractis
3044 1009 3365 1090 possiden-

811 1120 956 1179 dam
1037 1127 1312 1179 statuere
1391 1108 1756 1193 voluissent,'
1827 1118 2095 1196 praelati
2176 1124 2419 1181 actores
2482 1116 3017 1191 contradixissent,
3087 1116 3367 1177 dicentes

811 1228 979 1306 quod
1047 1226 1384 1287 maximam
1437 1226 1806 1305 particulam
1871 1233 2077 1285 terrae
2147 1225 2423 1303 ipsorum
2495 1231 2775 1286 actorum
2829 1222 3238 1298 ‚Petrouinaeg
3286 1225 3366 1284 ad

809 1334 1275 1413 possessionem
1323 1354 1540 1395 eorum
1611 1334 2041 1411 Lomnycham
2086 1340 2504 1411 occupassent
2559 1340 2621 1392 et
2668 1332 3175 1411 reapplicassent,
3222 1331 3362 1392 ideo

813 1442 1070 1502 easdem
1139 1449 1351 1520 partes
1414 1442 1843 1520 discrepantes-
1914 1440 1977 1501 in
2046 1440 2471 1519 praesentiam
2537 1440 2684 1499 bani
2754 1441 2837 1501 ad
2905 1447 3165 1511 ojctauas
3230 1438 3375 1499 festi

810 1548 1300 1628 Epiphaniamm
1351 1549 1666 1623 citassent,
1713 1547 2015 1627 praed-icti
2061 1547 2341 1611 banales.
2368 1556 2430 1607 et
2477 1545 2727 1626 capituli
2772 1547 3072 1625 homines,

1020 1688 1258 1741 loannes
1297 1686 1538 1755 ἚΙιειΙόἱό,
1579 1686 1725 1741 Mon.
1768 1686 1906 1743 hist..
1935 1686 2087 1744 civit.
2125 1686 2433 1755 Zagrabiae
2458 1646 2508 1761 ⁸l,
2548 1684 2671 1740 336.
2718 1712 2780 1725 -
2821 1682 3108 1755 Otigiuale
3136 1684 3354 1737 charta-

808 1792 985 1831 ceum.
1024 1778 1070 1831 A
1108 1779 1262 1847 tergo
1301 1776 1554 1845 appressi
1593 1775 1762 1845 sigilli
1800 1774 2114 1845 vestigium.
2154 1776 2215 1829 In
2253 1774 2490 1831 archivo
2528 1773 2774 1831 civitatis
2813 1772 3135 1842 Zagrabiae.

1998 2058 2199 2134 151.

1021 2264 1204 2324 Anno
1261 2260 1444 2324 1396.
1497 2259 1555 2322 8.
1605 2265 1767 2325 maii.
1817 2260 2190 2363 Zagralaiae.

1021 2460 1310 2520 Detricus
1342 2460 1563 2520 Bubek
1612 2461 1816 2531 banus
1843 2461 2236 2553 Sclauoniae,
2285 2463 2346 2522 in
2378 2482 2573 2523 causa
2605 2464 2685 2525 de
2717 2464 2897 2525 metis
2932 2464 3368 2545 (possessionis

807 2568 1117 2643 Hrascha)
1167 2567 1326 2628 inter
1371 2567 1544 2629 cives
1569 2568 2130 2649 Montisgrecensis
2180 2571 2260 2630 ab
2307 2589 2450 2645 una,
2485 2579 2547 2631 et
2576 2571 2969 2653 Gregorium,
3017 2573 3366 2654 Georgium

807 2682 868 2734 et
915 2664 1170 2737 Petrum
1232 2674 1391 2735 filios
1440 2675 1692 2753 Martini
1756 2676 1834 2737 de
1897 2675 2147 2754 Oresya
2194 2677 2272 2737 ab
2323 2679 2519 2739 altera
2582 2678 2879 2757 partibuS‚
2942 2681 3025 2741 ad
3076 2678 3370 2740 iudicium

805 2782 1226 2861 comparendi,
1296 2782 1629 2842 terminum
1713 2790 2082 2844 octauarum
2148 2783 2293 2845 festi
2360 2785 2529 2846 beati
2593 2786 2941 2863 Mychaelis
2996 2787 3369 2869 archangeli

806 2890 1114 2971 praefigit.
3030 2887 3041 2891 ’

1019 3032 1262 3087 toannes
1299 3031 1540 3101 Thalem,
1580 3031 1730 3087 Mon.
1770 3031 1898 3087 hist.
1935 2994 2087 3087 civit„
2119 3033 2427 3102 Zagrabiae
2466 3034 2503 3089 1.
2543 3050 2595 3104 p.
2634 3033 2758 3090 369.
2786 3062 2851 3073 —
2880 3032 3164 3103 Originale
3202 3034 3359 3089 char-

805 3122 1046 3185 taceum,
1102 3136 1140 3177 a
1175 3124 1328 3191 tergo
1386 3120 1642 3192 appressi
1697 3120 1864 3193 sigilli
1922 3122 2240 3191 vestigium.
2322 3123 2387 3177 In
2439 3122 2673 3180 archivo
2730 3122 2974 3179 civitatis
3030 3122 3351 3193 Zagrabiae.

1991 3405 2194 3477 152.

908 3588 913 3594 ’
1017 3606 1202 3667 Anno
1259 3605 1441 3667 1396.
1501 3605 1593 3667 13.
1643 3561 1930 3668 octobris.
1985 3606 2355 3688 Zagrabiae.

1022 3803 1312 3866 Detricus
1358 3804 1581 3865 Bubek
1641 3803 1843 3865 banus
1890 3802 2283 3879 Sclauoniae‚
2344 3804 2407 3865 in
2454 3824 2649 3866 causa
2713 3804 2941 3867 civium
2986 3806 3361 3887 Montisgre-

803 3911 1068 3973 chensis-
1098 3921 1316 3973 contra
1359 3912 1748 3991 Stephanum
1795 3920 1858 3972 et
1902 3912 2267 3973 Ladizlaum
2313 3912 2473 3973 filios
2504 3912 2827 3974 Benedicti
2874 3922 2937 3973 et
2982 3912 3363 3994 Gregorium

801 4019 998 4080 filium
1039 4001 1410 4099 ⁴Mychaelis
1455 4022 1533 4081 de
1581 4021 1784 4097 odra,
1838 4020 2078 4081 ratione
2142 4019 2559 4101 possessionis
2621 4021 2964 4096 Hraschae,
3031 4020 3363 4081 terminum

804 4128 1210 4206 comparendi
1254 4128 1533 4208 partibus
1583 4130 1664 4190 ad
1710 4137 1971 4190 octavas
2017 4127 2158 4189 festi
2203 4127 2373 4189 beati
2418 4127 2695 4209 Georgii,
2742 4136 3057 4209 prorogat.

1015 4269 1258 4325 Ioannes
1295 4268 1540 4331 Tkaleie,
1579 4268 1729 4325 Mon.
1769 4268 1898 4324 hist.
1936 4268 2087 4323 civit.
2126 4266 2433 4338 Zagrabiae
2470 4270 2509 4323 1.
2548 4268 2673 4323 373.
2726 4298 2762 4308 -·
2819 4267 3103 4338 Originale
3142 4270 3359 4344 charla·

811 4374 992 4413 ceum.
1069 4358 1116 4413 A
1158 4362 1310 4428 tergo
1355 4359 1625 4429 appi-essi
1663 4357 1830 4429 sigilli
1885 4358 2203 4430 vestigium.
2276 4356 2339 4413 In
2376 4357 2612 4415 archivo
2668 4358 2857 4415 ποιά.
2894 4357 3089 4415 scient.
3144 4358 3361 4415 Slavor.

804 4448 995 4508 merid.
1035 4448 1353 4524 Zagrahiae.
