3917 5592
789 430 920 491 326

789 645 966 704 Pauli
1014 645 1092 704 de
1139 645 1600 721 Radomanycz‚
1648 643 1716 702 in
1765 662 1882 702 sua
1929 662 2005 703 ac
2050 642 2324 717 Martini,
2355 642 2685 702 Laurencii
2734 650 2795 701 et
2841 641 3050 702 Iacobi
3081 641 3344 701 filiorum

786 751 951 811 Petri
999 751 1146 811 dicti
1193 750 1578 828 Curceloycz
1626 751 1706 811 de
1771 750 2090 828 Superiori
2152 752 2527 827 Lomnycza,
2596 768 2670 809 ac
2734 750 2976 809 Thome
3036 748 3147 809 filii
3206 748 3343 809 Ste-

786 860 980 938 phani
1012 859 1120 919 filii
1153 860 1482 935 Vrbanycz
1516 859 1595 918 de
1627 857 2037 933 Korilowecz,
2072 866 2133 917 et
2165 858 2345 933 Galli,
2376 858 2631 917 Martini
2662 857 2929 917 filiorum
2960 856 3343 934 Cwetkoycz

784 968 862 1026 de
910 965 1086 1027 Odra
1115 965 1418 1044 personiS,
1466 966 1546 1026 ad
1593 973 1872 1025 nostram
1911 965 2322 1044 personaliter
2374 965 2696 1027 venientes
2740 964 3149 1043 presenciam,
3197 983 3342 1025 con-

781 1073 931 1133 fessi
993 1082 1138 1133 sunt
1184 1073 1246 1133 in
1293 1074 1459 1133 hunc
1521 1074 1795 1149 modum,
1859 1082 1926 1133 ut
1973 1074 2089 1152 ipsi
2154 1075 2469 1153 quandam
2538 1076 2786 1134 vineam
2851 1073 3342 1153 quartalicialem

784 1180 1056 1259 ipsorum
1124 1180 1186 1239 in
1247 1190 1458 1241 monte
1524 1181 1881 1258 Mozychan
1947 1189 2255 1255 vocatam,
2318 1200 2513 1260 penes
2587 1181 2837 1241 vineam
2900 1180 3191 1261 Gregorii
3237 1179 3344 1240 filii

783 1286 1042 1367 Georgii
1089 1287 1196 1347 filii
1227 1288 1473 1365 Melycz
1522 1289 1600 1346 de
1648 1288 1928 1366 predicta
1956 1289 2313 1365 Mozychan
2361 1289 2439 1348 ab
2472 1288 2773 1363 orientali,
2822 1308 2897 1349 ac
2943 1308 3139 1367 penes
3172 1286 3341 1348 viam

782 1394 1112 1473 publicam,
1162 1414 1288 1474 qua
1333 1394 1456 1453 itur
1488 1414 1709 1454 versus
1744 1403 2029 1455 sanctam
2062 1395 2473 1455 Katherinam
2506 1415 2543 1456 a
2576 1396 2981 1470 meridionali,
3030 1415 3105 1456 ac
3145 1414 3343 1474 penes

782 1501 1102 1583 wlgariter
1149 1503 1414 1563 dicendo
1446 1504 1746 1579 Powrsye
1780 1511 2007 1563 vocato
2041 1504 2119 1563 ab
2152 1504 2537 1579 occidentali,
2586 1513 2648 1564 et
2679 1505 2839 1564 inter
2870 1504 3092 1564 silvam
3124 1504 3343 1583 Draga

782 1619 1070 1671 vocatam
1120 1610 1198 1669 ab
1248 1611 1502 1670 australi
1535 1610 1734 1685 sitam,
1773 1611 2051 1671 habitam
2101 1618 2163 1671 et
2209 1611 2595 1685 existentem,
2643 1611 2824 1671 simul
2858 1631 2998 1671 cum
3048 1611 3337 1671 omnibus

782 1719 1060 1780 eiusdem
1109 1717 1290 1778 vinee
1339 1718 1666 1792 montibus,
1715 1718 2096 1791 utilitatibus,
2146 1718 2377 1793 usibuS‚
2440 1717 2972 1779 fructuositatibus
3038 1728 3104 1779 et
3154 1717 3341 1797 perti-

781 1825 1016 1886 nenciis
1063 1825 1387 1899 universis,
1435 1826 1514 1885 de
1562 1844 1872 1885 consensu
1921 1833 1985 1885 et
2029 1825 2319 1885 benivolo
2368 1845 2631 1885 assensu
2664 1825 2989 1886 Michaelis
3036 1825 3144 1886 filii
3190 1824 3339 1885 dicti

781 1934 1132 2010 Kuharycz,
1180 1934 1382 1993 eciam
1429 1933 1691 1992 aliorum
1734 1932 1997 1992 fratrum
2030 1951 2287 1992 suorum
2334 1952 2409 1993 ac
2457 1934 3067 2013 consangvineorum
3112 1932 3343 2011 prefati

781 2041 1125 2117 MichaeliS‚
1175 2061 1250 2101 ac
1297 2041 1498 2101 eciam
1560 2040 1831 2101 Emerici
1879 2050 1942 2101 et
1987 2041 2265 2117 Mathey,
2329 2041 2593 2118 Mathya
2639 2041 2766 2101 filio
2829 2041 2993 2101 dicto
3058 2039 3344 2101 Obrado-

780 2168 958 2226 wycz
1007 2151 1086 2211 de
1134 2149 1326 2224 odra,
1376 2169 1451 2209 ac
1497 2168 1610 2227 per
1657 2168 1801 2209 eum
1849 2149 1979 2209 suis
2028 2149 2361 2209 heredibus
2426 2150 2855 2228 heredumque
2902 2168 3159 2209 suorum
3206 2168 3343 2209 suc-

781 2258 1152 2332 cessoribus,
1199 2276 1314 2336 pro
1360 2256 1557 2316 tribus
1604 2256 1855 2316 florenis
1904 2256 2041 2316 auri
2087 2256 2531 2332 vendidissent,
2577 2256 2983 2318 tradidissent
3029 2266 3093 2316 et
3140 2256 3339 2337 assig-

783 2373 1057 2439 nassent,
1103 2383 1316 2441 ymmo
1364 2364 1792 2437 vendiderunt,
1861 2363 2252 2424 tradiderunt
2298 2372 2361 2425 et
2408 2364 2813 2443 assignarunt
2859 2364 2991 2425 iure
3040 2372 3343 2443 perpetuo

787 2471 1274 2532 irrevocabiliter
1320 2471 1766 2550 possidendam
1794 2471 2029 2549 pariter
2075 2479 2137 2531 et
2182 2472 2571 2547 habendam3
2622 2471 2961 2549 assumpsit
3004 2472 3343 2531 nichilomi-

781 2599 898 2638 nus
929 2579 1207 2657 prefatus
1239 2580 1562 2639 Emericus
1610 2587 1672 2639 et
1717 2580 2016 2655 Mathyas
2048 2578 2358 2657 prefatum
2385 2578 2714 2655 Mathyam
2761 2578 2825 2637 in
2873 2578 3146 2638 dominio
3180 2578 3342 2639 dicte

784 2688 969 2748 vinee
1015 2688 1304 2747 montalis
1353 2696 1417 2747 et
1461 2706 1610 2748 suos
1657 2688 1922 2747 heredes
1957 2695 2174 2748 contra
2222 2687 2532 2766 quoslibet
2562 2687 2918 2767 illegitimos
2964 2688 3347 2765 inpeditores

783 2803 1116 2875 protegere
1163 2803 1226 2855 et
1272 2794 1608 2855 defendere
1656 2814 1798 2854 cum
1859 2794 2124 2873 propriis
2173 2794 2301 2854 suis
2350 2794 2717 2872 sumptibuS,
2764 2795 3082 2855 laboribus
3131 2803 3195 2855 et
3242 2813 3346 2853 ex-

783 2903 1012 2981 pensis,
1059 2903 1128 2961 In
1175 2902 1352 2961 cuius
1401 2921 1508 2978 rey
1557 2901 1922 2961 memoriam
1973 2909 2159 2981 atque
2206 2901 2630 2961 testimonium
2677 2902 3160 2981 firmitatemque
3207 2921 3346 2980 per-

784 3018 1039 3088 petuam
1055 3005 1087 3084 ¹,
1135 3009 1340 3089 sigillo
1387 3016 1600 3068 nostro
1649 3008 1828 3068 solito
1878 3008 2166 3068 duximus
2214 3009 2667 3069 concedendas,
2733 3009 2966 3069 Datum
3010 3008 3343 3090 Zagrabie,

785 3115 942 3176 feria
989 3116 1268 3176 secunda
1329 3116 1613 3194 proxima
1675 3124 1820 3175 ante
1867 3115 2094 3174 festum
2144 3115 2310 3174 beati
2369 3116 2667 3175 Anthonii
2729 3116 3121 3191 confessoriS,
3186 3134 3349 3176 anno

786 3223 1020 3283 domini
1066 3217 1456 3283 millessimo²
1501 3215 2187 3302 quadringentessimo³
2234 3218 2827 3303 quinquagessimo⁴
2871 3223 3103 3302 quintO.

1011 3361 1294 3432 Originale
1356 3363 1800 3423 membraneum,
1858 3360 2141 3437 appendet
2177 3363 2353 3415 rubea
2408 3378 2555 3416 zona
2609 3362 2825 3417 sericea
2880 3364 3092 3433 ubsque
3148 3362 3348 3431 sigillet.

787 3452 951 3523 Apud
987 3454 1120 3507 nob.
1160 3451 1432 3507 loannem
1472 3451 1638 3506 Sucic
1676 3452 1734 3506 in
1773 3451 1969 3521 Super.
2008 3450 2270 3505 Lukavec
2306 3450 2409 3506 No.
2452 3451 2535 3506 30.

1005 3632 1021 3661 ¹
1058 3631 1331 3685 terminus
1374 3634 1748 3699 »presentes«,
1787 3631 1882 3699 qui
1921 3631 2081 3699 sequi
2110 3631 2353 3701 deberet,
2396 3631 2567 3687 deest.
2648 3632 2668 3663 ³
2704 3633 2802 3687 sic.
2881 3634 2901 3663 ³
2937 3634 3035 3689 sic.
3112 3634 3133 3664 ⁴
3170 3634 3268 3689 sic.

1966 3913 2177 3984 880.

999 4080 1185 4139 Anno
1241 4078 1426 4139 1455.
1475 4078 1576 4139 20.
1625 4079 1903 4138 ianuarii.
1951 4079 2324 4159 Zagrabiae.

795 4237 1048 4302 Coram
1125 4236 1387 4301 Thoma
1441 4236 1603 4321 filio
1660 4236 1873 4300 Pauli
1933 4238 2016 4303 de
2100 4238 2519 4322 Woynosecz‚
2591 4241 2838 4304 comite
2885 4244 3046 4304 terr.
3100 4240 3349 4325 Campi

789 4342 1304 4429 Zagrabiensis,
1353 4344 1656 4422 BlasiuS,
1713 4344 2075 4429 Georgia-9,
2112 4346 2489 4412 Ladislaus
2549 4352 2615 4411 et
2668 4346 2967 4412 Michael
3003 4347 3155 4432 filii
3204 4348 3345 4414 Ste-

782 4450 1008 4536 phani
1042 4449 1195 4534 filii
1225 4450 1396 4535 Pelle
1425 4450 1505 4515 de
1539 4451 1935 4527 Lukawecz,
1986 4455 2242 4516 terram
2273 4474 2479 4517 suam
2510 4454 2845 4519 arabilem
2894 4454 2973 4519 in
3020 4454 3345 4539 Nowgar,

787 4560 1091 4643 quinque
1135 4556 1439 4641 florenis
1485 4558 1826 4643 Philippo,
1889 4558 2263 4623 Ambrosio
2323 4564 2389 4624 et
2460 4560 2823 4625 Valentino
2878 4560 3069 4645 filiis
3114 4562 3349 4625 Blasii

1006 4663 1160 4748 filii
1205 4664 1612 4749 Mayehnick
1657 4665 1739 4729 de
1785 4665 2001 4749 Infer.
2050 4666 2427 4745 Lounicza,
2468 4669 2762 4753 pignori
2806 4668 3128 4753 obligant.

1003 4829 1135 4887 Nos
1183 4829 1460 4888 Thomas
1487 4828 1650 4889 filius
1697 4830 1874 4890 Pauli
1909 4830 2015 4889 filii
2047 4830 2258 4907 Woyn
2306 4831 2383 4890 de
2416 4832 2814 4908 Woynosecz
2848 4849 3060 4891 comes
3120 4839 3345 4891 terres-

791 4936 900 4995 tris
948 4934 1172 5013 Campi
1219 4934 1684 5014 Zagrabyensis
1731 4936 2031 4997 memorie
2077 4939 2587 4997 commendamus
2635 4956 2748 5015 per
2792 4947 3134 5016 presentes„
3181 4939 3349 5017 quod
