3917 5592
3032 433 3159 497 257

599 648 928 722 universis,
964 668 1164 727 usque
1199 648 1278 709 ad
1309 657 1556 727 tempus
1589 648 2047 727 redempcionis
2088 648 2387 723 eiusdem,
2434 634 2766 711 Valentino
2812 650 2938 710 filio
2984 650 3162 727 Step-

599 754 762 827 hani,
825 754 990 813 dicto
1047 754 1425 830 Fabianych‚
1493 753 1682 813 nobili
1747 754 2027 814 similiter
2089 754 2235 814 dicti
2283 753 2510 832 Campi
2572 755 3017 834 Zagrabiensis
3084 757 3163 815 de

599 861 765 921 dicta
809 860 1086 920 Inferiori
1133 860 1738 937 Lompnicza,.affini
1772 860 2062 920 videlicet
2108 870 2172 921 et
2218 861 2709 941 consangwineo
2759 880 2993 935 eorum,
3044 881 3155 939 pro

598 968 870 1047 quinque
916 966 1167 1026 florenis
1215 967 1350 1027 auri
1413 968 1570 1045 puri,
1633 967 1782 1027 boni
1846 975 1910 1027 et
1974 967 2151 1027 iustri
2214 967 2526 1046 ponderis,
2594 988 2708 1046 per
2768 968 2939 1046 ipsos
3004 968 3159 1028 Gre-

597 1074 842 1155 gotium
889 1081 951 1133 et
996 1074 1263 1133 Paulum
1307 1074 1466 1133 filios
1513 1074 1706 1152 ipsius
1741 1074 2033 1135 Damiani
2067 1074 2194 1135 iam
2240 1076 2425 1153 plene
2472 1075 2700 1134 habitis
2749 1083 2812 1135 et
2844 1074 3153 1153 perceptis

597 1180 1121 1260 inpignorassent‚
1184 1200 1398 1256 ymmo
1459 1180 1940 1260 inpignorarunt
2005 1201 2214 1240 coram
2279 1181 2458 1242 nobis
2506 1200 2583 1241 ex
2632 1200 2946 1243 consensu
2992 1190 3157 1241 cete·

597 1308 810 1348 rorum
877 1288 1314 1361 universorum
1372 1286 1637 1348 fratrum
1695 1296 1759 1348 et
1804 1287 2149 1348 vicinorum
2198 1308 2274 1348 ac
2319 1296 2895 1349 commetaneorum
2941 1307 3157 1348 eorum

596 1396 973 1474 propiorum,
1021 1394 1108 1453 ita
1153 1402 1385 1468 tamen,
1433 1395 1602 1473 quod
1649 1395 2151 1473 quandocunque
2199 1394 2423 1473 prefati
2454 1394 2801 1474 Gregorius
2835 1403 2899 1455 et-
2926 1396 3161 1455 Paulus

597 1513 706 1564 aut
745 1502 1022 1581 ipsorum
1068 1502 1351 1574 heredeS,
1401 1502 1640 1562 dictam.
1677 1509 1910 1561 terram
1955 1502 2233 1580 ipsorum
2282 1520 2321 1561 a
2365 1502 2607 1579 prefato
2656 1502 2985 1562 Valentino
3032 1502 3159 1563 filio

599 1612 790 1690 ipsius
855 1610 1160 1688 Stephani
1210 1618 1319 1669 aut
1363 1609 1492 1669 suis
1541 1608 1874 1669 heredibus
1939 1609 2247 1669 redimere
2312 1609 2619 1669 voluerint
2690 1617 2752 1669 et
2798 1609 3158 1687 portuerint,

603 1727 748 1778 tunc
796 1736 1045 1796 semper
1090 1718 1348 1778 liberam
1396 1716 1740 1777 redimendi
1777 1716 2107 1776 'habebunt
2152 1716 2511 1777 facultatem
2557 1736 2671 1793 pro
2719 1736 2965 1775 summa
3012 1735 3155 1793 pec-

599 1825 780 1885 cunie
825 1831 1170 1903 prenotata,
1217 1824 1337 1883 hoc
1385 1842 1699 1902 expresse,
1747 1824 1916 1901 quod
1961 1823 2289 1883 molliciem
2338 1822 2531 1901 ipsius
2580 1830 2760 1896 terre,
2806 1823 2976 1901 wigo
3029 1804 3157 1882 me-

597 1935 747 1993 kota
803 1932 1050 2006 dictam,
1101 1931 1362 2010 predicti
1415 1931 1760 2011 Gregorius
1817 1939 1879 1990 et
1933 1931 2166 1990 Paulus
2237 1950 2350 1989 seu
2421 1931 2699 2008 ipsorum
2767 1930 3053 2004 heredeS,
3118 1950 3157 1989 a

597 2042 838 2120 prefato
900 2040 1236 2100 Valentino
1298 2040 1422 2100 filio
1485 2040 1680 2118 ipsius
1742 2039 2045 2117 Stephani
2108 2047 2216 2098 aut
2279 2039 2407 2097 suis
2476 2038 2811 2097 heredibus
2873 2045 3155 2115 tempore

594 2148 1046 2228 redempcionis
1096 2148 1498 2226 supra[dic]to
1559 2146 1819 2221 auferre,
1866 2147 2175 2207 decimam
2230 2165 2477 2225 quoque
2523 2146 2777 2225 frugum
2823 2146 2991 2225 wlgo
3046 2146 3153 2205 de-

599 2257 807 2317 zetina
863 2256 1109 2329 dictam,
1157 2256 1435 2333 recipere
1481 2254 1722 2332 possint
1769 2274 1973 2333 neque
2004 2255 2257 2314 valeant
2301 2254 2488 2313 modo
2538 2252 2818 2331 aliquali3
2868 2272 3150 2330 assump-

596 2373 811 2424 serunt
855 2362 1292 2422 nichilominus
1354 2360 1615 2439 predicti
1679 2361 2027 2440 Gregorius
2098 2368 2161 2420 et
2205 2360 2439 2420 Paulus
2503 2359 2814 2437 prefatum
2882 2360 3156 2419 Valenti-

597 2491 748 2531 num
807 2481 913 2530 aut
975 2489 1124 2529 suos
1185 2469 1470 2542 heredeS,
1540 2468 1602 2527 in
1661 2469 1845 2546 pleno
1903 2476 1966 2527 et
2024 2467 2287 2545 pacifico
2350 2466 2625 2527 dominio
2671 2466 3148 2545 inpignoraticio

595 2579 836 2657 prefate
897 2588 1059 2638 terre
1125 2577 1391 2651 arabili5‚
1455 2595 1653 2654 usque
1721 2577 1802 2636 ad
1864 2584 2111 2654 tempus
2173 2574 2625 2653 redempcionis
2696 2574 2978 2635 eiusdem
3051 2595 3154 2634 su-

595 2688 961 2766 pradictum,
1009 2695 1225 2745 contra
1280 2684 1589 2763 quoslibet
1649 2684 2029 2764 illegittimos
2077 2683 2460 2761 impetitores
2506 2682 2667 2742 tueri
2715 2690 2777 2742 et
2826 2683 3154 2742 defensare

593 2795 827 2873 propiis
875 2813 1092 2854 eorum
1139 2794 1457 2857 laboribus
1505 2801 1568 2853 et
1615 2793 1924 2871 expensiS,
1964 2793 2187 2851 harum
2218 2800 2573 2851 nostrarum
2620 2791 2839 2869 vigore
2888 2799 2950 2849 et
2983 2790 3151 2851 testi·

595 2903 802 2963 monio
857 2903 1198 2962 litterarum
1253 2901 1582 2961 mediante.
1629 2902 1860 2960 Datum
1914 2900 2245 2979 Zagrabie‚
2315 2899 2471 2960 feria
2531 2899 2811 2958 secunda
2865 2898 3169 2976 proxima

594 3019 737 3070 ante
785 3011 1012 3069 festum
1077 3010 1544 3083 Pentecosthes,
1610 3028 1776 3068 anno
1841 3007 2077 3067 domini
2146 3006 2471 3067 millesimo
2529 2998 3149 3085 quadringentesimo

597 3118 1098 3197 quadragesimo,

810 3240 1093 3308 Originale
1140 3241 1514 3307 chartaceum,
1569 3254 1604 3291 a
1655 3240 1808 3305 tergo
1856 3236 2085 3292 rotundi
2137 3234 2304 3304 sigilli
2354 3234 2666 3305 appi-essm,
2721 3250 2865 3305 quae
2918 3235 3147 3290 exhibet

592 3334 830 3397 scutum,
868 3330 929 3383 in
967 3346 1078 3396 quo
1119 3329 1190 3382 ad
1229 3329 1514 3382 sinistram
1564 3331 1784 3398 partem
1838 3342 2176 3381 conversum
2225 3327 2395 3393 caput
2445 3324 2685 3392 aquilae,
2727 3323 2886 3377 cuius
2943 3325 3149 3378 collum

591 3418 794 3486 sagitta
832 3418 1186 3471 dextrorsum
1225 3416 1525 3470 tranfixum
1565 3419 1664 3469 est.
1721 3416 1881 3469 Circa
1927 3417 2149 3469 scutum
2199 3414 2339 3467 haec
2388 3412 2680 3481 inscriptio
2736 3413 2960 3481 legitur:
3000 3414 3036 3481 †
3086 3412 3150 3467 S.

587 3507 886 3561 FABIANJ.
913 3506 969 3560 F.
993 3505 1378 3560 MlCHAELlS.
1403 3506 1668 3574 (sigillum
1688 3505 1924 3560 Fabiani
1948 3505 2047 3559 filii
2073 3504 2400 3573 Michaelis).
2427 3504 2588 3572 Apud
2610 3504 2859 3557 nobilem
2896 3504 3148 3558 Marcum

585 3597 848 3650 ’Arbanas
899 3595 959 3649 in
1011 3595 1158 3648 Inser
1203 3595 1474 3649 Lomnica
1517 3593 1613 3649 No.
1651 3594 1737 3648 29.

1770 3878 1980 3947 244.

807 4062 991 4121 Anno
1048 4060 1233 4121 1440.
1292 4059 1385 4121 18.
1435 4060 1721 4121 octobris,

583 4238 988 4323 Capitulum
1033 4236 1350 4301 ecclesiae
1396 4232 1906 4322 Zagrabieneis,
1953 4236 2397 4301 donationem
2446 4236 2893 4321 Sigismundi
2942 4238 3093 4323 regi
3104 4259 3133 4300 s*

581 4345 1016 4430 Hungariae,
1063 4349 1273 4428 super
1310 4344 1868 4429 possessionibus
1897 4344 2260 4429 fratribus
2306 4344 2668 4408 heremitis
2714 4345 3009 4409 claustri
3055 4346 3136 4409 de

575 4452 1052 4538 promontorio
1115 4451 1590 4535 Zagrabiensi,
1667 4458 1880 4537 super
1932 4452 2369 4536 possessione
2449 4451 2911 4516 Petreusouclz
2981 4473 3138 4516 cum

575 4564 758 4627 silva
803 4560 1219 4644 Rakytholclz
1265 4565 1329 4625 et
1367 4564 1573 4646 prato
1627 4560 2109 4625 Gordouazela
2153 4580 2213 4622 a.
2262 4558 2436 4640 1537.
2485 4575 2588 4622 22.
2650 4560 2817 4623 iulii
2847 4558 3145 4644 factam,

1666 4670 2067 4733 transumit.

793 4836 924 4893 Nos
975 4834 1311 4911 capitulum
1360 4834 1621 4893 ecclesie
1670 4832 2115 4913 Zagrabiensis
2162 4840 2379 4891 notum
2426 4832 2689 4890 iacimus
2738 4839 2953 4891 tenore
3006 4852 3142 4910 pre-

576 4943 859 5003 sencium
889 4942 1316 5022 significantes
1351 4942 1573 5019 quibus
1607 4941 1858 5018 expedit
1888 4940 2214 5012 universiS,
2249 4940 2418 5018 quod
2451 4938 2781 5017 religiosus
2812 4939 2907 4999 vir
2952 4940 3142 4998 frater

2930 5058 2999 5113 17
