3917 5592
751 472 881 537 286

748 690 966 751 litteris
1014 688 1241 749 nostris
1295 688 1483 749 inseri
1532 707 1606 747 ac
1655 688 1733 747 de
1785 687 1980 746 verbo
2029 686 2111 746 ad
2158 686 2418 746 verbum
2445 686 2579 747 sine
2612 686 3029 749 diminucione
3064 696 3126 747 et
3159 706 3317 767 aug-

749 804 959 857 mento
1007 794 1256 875 aliquali
1303 793 1666 855 transscribi
1719 801 1782 854 et
1828 793 2165 853 transsumi
2212 793 2545 875 sigilloque
2579 802 2792 854 nostro
2824 794 3119 873 pendenti
3150 813 3317 856 com-

749 902 972 963 muniri
1019 910 1082 963 et
1128 900 1485 982 consignari
1531 900 1838 972 faciend0,
1889 900 2129 960 eisdem
2180 899 2488 960 nobilibus
2517 900 2804 961 duximus
2838 902 3317 961 concendendas

747 1010 898 1071 iuris
944 1010 1220 1089 ipsorum
1267 1010 1348 1069 ed
1395 1010 1723 1069 cautelam.
1776 1009 2009 1067 Datum
2056 1007 2212 1068 feria
2263 1008 2479 1086 quinta
2547 1008 2830 1086 proxima
2898 1016 3042 1069 ante
3088 1009 3315 1069 festum

748 1118 916 1179 beati
961 1117 1169 1197 Egidii
1219 1116 1480 1189 abbatiS,
1531 1135 1694 1175 anno
1743 1115 1976 1175 domini
2010 1115 2335 1175 millesimo
2379 1116 3002 1195 quadringentesimo
3048 1118 3315 1195 quadra-

752 1224 995 1305 gesimo
1044 1223 1326 1301 septimo.

962 1362 1245 1431 Originale
1292 1363 1732 1430 membraneum,
1783 1378 1820 1415 a
1857 1374 2004 1415 zona
2054 1361 2221 1415 viridi
2259 1364 2315 1415 et
2366 1361 2515 1415 flava
2560 1360 2775 1415 sericea
2812 1361 3018 1429 pendet
3056 1361 3307 1416 attritum

755 1452 1016 1517 sigillum.
1059 1452 1118 1505 ln
1156 1451 1390 1505 archivo
1430 1466 1712 1506 commun.
1755 1451 1885 1504 nob.
1925 1450 1995 1503 de
2032 1448 2351 1519 Turopoije.

971 1630 988 1661 ¹
1027 1630 1156 1684 Erat
1192 1629 1460 1698 scriptum
1519 1645 1858 1698 »sapimus«,
1911 1628 2059 1697 quod
2110 1628 2295 1683 scriba
2350 1629 2548 1681 harum
2608 1628 2895 1683 literarum
2950 1628 3209 1697 correxit,
3253 1628 3310 1681 in

757 1738 1052 1791 ’spanusn
1129 1720 1152 1752 ⁸
1191 1719 1330 1775 Vide
1370 1724 1569 1777 notam
1610 1720 2056 1789 praecedentem.

1926 2002 2138 2073 262.

960 2205 1142 2263 Anno
1200 2201 1384 2265 1447.
1435 2249 1446 2262 .
1497 2249 1510 2262 .
1561 2250 1572 2263 .
1623 2202 1993 2282 Zagrabiae.

945 2447 958 2461 .
1005 2416 1230 2461 comes
1291 2396 1647 2460 terrestris
1697 2394 1945 2479 Campi
1992 2394 2489 2481 Zagrabiensis
2534 2395 2869 2480 quaedam
2912 2399 3133 2479 prata,
3183 2416 3289 2460 ne-

1119 2523 1316 2567 mora
1360 2504 1426 2566 et
1468 2502 1742 2580 silvam,
1803 2502 2149 2586 Dyonisio
2196 2502 2513 2579 Miksicz,
2559 2502 2933 2567 adiudicat.

863 2777 870 2783 .
967 2768 980 2783 .
1029 2769 1040 2781 .
1092 2753 1122 2782 .·
1152 2766 1417 2781 .....
1467 2719 1692 2780 Maiori
1739 2720 1956 2780 Mlaka
1990 2738 2200 2779 comes
2248 2720 2557 2780 terrestris
2588 2719 2812 2798 Campi
2860 2720 3307 2801 Zagrabiensis

749 2828 1046 2890 memorie
1105 2829 1618 2888 commendamus
1664 2846 1777 2905 per
1825 2835 2169 2905 presentes,
2231 2827 2401 2905 quod
2448 2826 2765 2886 Dionisius
2828 2827 2989 2886 filius
3052 2826 3312 2907 Georgii

745 2936 892 2997 dicti
940 2981 1392 2999 ........
1441 2934 1783 2994 Clementis
1833 2943 1894 2993 et
1941 2934 2200 2994 Fabiani
2245 2935 2513 2994 filiorum
2544 2953 2799 2994 suorum
2846 2934 3147 3012 personis,
3194 2954 3303 2994 no-

741 3052 936 3105 stram
983 3042 1240 3103 veniens
1287 3042 1350 3101 in
1395 3041 1790 3120 presenciam
1822 3041 2002 3101 nobis
2050 3040 2407 3121 significare
2438 3040 2679 3101 curavit
2724 3041 2787 3100 in
2833 3041 2999 3100 hunc
3032 3042 3309 3115 modum,

749 3195 1202 3210 ........
1275 3148 1649 3227 patruelium
1712 3147 2091 3208 hereditaria
2151 3147 2215 3207 in
2277 3147 2587 3208 territorio
2653 3147 2931 3225 predicte
2995 3147 3307 3207 Inferioris

745 3256 1102 3317 Lukawecz
1151 3274 1226 3315 ac
1289 3273 1486 3334 penes
1533 3254 1849 3333 quendam
1895 3254 2157 3314 fluvium
2204 3254 2602 3314 consimiliter
2633 3254 2987 3314 Lukawecz
3036 3300 3305 3315 .....

749 3382 1008 3423 nemora
1055 3381 1188 3423 sew
1235 3362 1410 3433 silva,
1458 3361 1859 3421 consimiliter
1920 3359 2115 3439 ipsius
2166 3381 2240 3421 ac
2286 3360 2545 3421 fratrum
2610 3379 2866 3421 suorum
2927 3362 3306 3422 hereditaria

751 3490 826 3532 ex
874 3464 1136 3549 utraque
1186 3476 1362 3548 parte
1410 3488 1606 3547 penes
1653 3468 2001 3547 predictum
2047 3469 2309 3529 fluvium
2354 3469 2707 3529 Lukawecz
2756 3469 2989 3529 dictum
3038 3515 3302 3531 .....

749 3577 856 3637 tali
889 3596 958 3637 se
991 3576 1417 3650 extendencia,
1465 3576 1934 3655 predictumque
1970 3575 2319 3636 Dionisium
2350 3576 2614 3636 Miksicz
2662 3596 2701 3637 a
2748 3577 3035 3637 manibus
3071 3578 3315 3653 alieniS,

747 3704 860 3764 per
907 3703 1066 3763 quos
1115 3684 1193 3743 ab
1243 3683 1480 3743 eisdem
1525 3683 1729 3743 minus
1777 3683 1936 3742 iuste
1968 3692 2031 3742 et
2056 3684 2490 3762 potencialiter
2535 3730 2547 3742 .
2598 3730 2611 3743 .
2660 3732 2673 3744 .
2723 3730 2736 3744 .
2785 3730 2798 3743 .
2848 3731 2859 3744 .
2908 3731 2921 3745 .
2972 3730 2985 3744 .
3034 3731 3047 3744 .
3096 3705 3305 3763 sump-

746 3792 929 3866 tibus,
986 3790 1218 3871 fatigiis
1267 3800 1329 3850 et
1375 3790 1666 3869 expensis
1733 3790 1989 3850 iuridice
2053 3790 2380 3851 reobtenta
2424 3790 2709 3866 fuissent,
2776 3792 3042 3871 ideoque
3106 3793 3306 3852 deter-

747 3898 1120 3959 minavimus
1190 3897 1455 3958 finaliter
1519 3897 1864 3975 predictam
1925 3943 3009 3960 ..................
3062 3900 3305 3959 heredi-

747 4006 972 4065 tariam
1019 4005 1137 4083 ipsi
1183 4004 1464 4064 Dionisio
1527 4004 1790 4065 Miksicz
1840 4024 1983 4065 cum
2031 4004 2173 4065 filiis
2221 4005 2433 4083 ipsiuS‚
2483 4025 2629 4065 curn
2677 4006 2965 4066 omnibus
3027 4006 3307 4085 ipsorum

751 4120 1072 4191 pratorum
1121 4131 1253 4172 sew
1299 4111 1575 4171 senilium
1639 4130 2091 4191 nemorumque
2140 4120 2203 4171 et
2249 4112 2404 4172 silve
2452 4159 2780 4173 ......
2831 4114 3065 4174 tamdiu
3112 4114 3309 4192 possi-

746 4220 968 4293 denda,
1016 4238 1343 4298 quousque
1374 4218 1635 4297 predicti
1664 4218 1888 4278 fratres
1935 4219 2129 4297 ipsius
2162 4218 2420 4279 Dionisii
2468 4219 2749 4295 Miksicz,
2798 4220 3003 4281 eidem
3054 4240 3135 4280 an
3166 4240 3304 4299 pre-

746 4326 926 4387 dictis
971 4325 1111 4385 filiis
1158 4325 1288 4385 suis
1335 4327 1414 4386 de
1474 4325 1603 4385 suis
1651 4372 2163 4387 .........
2213 4346 2291 4386 ne
2340 4326 2761 4404 predictorum
2807 4336 3125 4406 pratorum
3177 4347 3310 4387 sew

744 4432 1040 4507 senilium,
1089 4452 1414 4493 nemorum
1463 4442 1524 4493 et
1572 4433 1724 4493 silve
1759 4434 2167 4511 exposuisset,
2216 4434 2641 4495 omnimodam
2675 4435 3085 4513 inpenderent
3130 4436 3308 4496 satis-

747 4540 1094 4601 faccionem
1141 4586 1530 4599 .......
1581 4559 1654 4599 ac
1719 4559 1928 4600 coram
1996 4540 2421 4601 assessoribus
2485 4542 2712 4601 nostris
2762 4542 2885 4602 fide
2949 4562 3067 4603 sua
3111 4542 3305 4603 medi-

752 4655 896 4708 ante
945 4666 1380 4725 assumpmens
1426 4646 1490 4706 in
1537 4647 1975 4707 reobtencione
2022 4647 2441 4725 predictorum
2473 4656 2799 4727 pratorum
2846 4668 2979 4709 sew
3023 4649 3303 4711 senilium

757 4800 1146 4815 .......
1212 4754 1394 4813 dican
1461 4800 1474 4813 .
1524 4800 1536 4813 .
1585 4800 1598 4813 .
1649 4800 1661 4813 .
1728 4754 1898 4833 quod
1966 4754 2083 4832 ipsi
2151 4754 2410 4832 predicti
2480 4756 2704 4816 fratres
2776 4755 2971 4834 ipsius
3044 4758 3308 4818 Dionisii

747 4861 1010 4922 Miksicz
1044 4861 1377 4939 aliquando
1406 4860 1704 4939 temporis
1751 4860 1812 4921 in
1860 4880 2178 4939 processu,
2212 4862 2491 4939 predicta
2536 4872 2718 4941 prata
2750 4882 2881 4923 sew
2928 4863 3152 4939 senilia,
3200 4884 3307 4924 ne-

743 4988 920 5027 mora
965 5013 1477 5027 .........
1525 4968 1758 5047 fatigiis
1806 4977 1868 5027 et
1915 4970 2205 5047 expensis
2254 4988 2366 5047 per
2412 4970 2615 5048 ipsum
2647 4970 2999 5031 Dionisium
3034 4972 3296 5031 Miksicz
