3917 5592
755 365 886 439 344

752 593 905 668 tuli,
964 593 1146 671 plene
1210 592 1630 670 persolvisset,
1695 588 1981 653 residuos
2042 612 2194 654 vero
2256 599 2384 655 tres
2446 587 2719 654 florenos
2781 589 2917 655 auri
2971 591 3140 656 idem
3199 590 3319 656 Be-

753 699 1040 760 nedictus
1087 699 1405 777 Krupych,
1451 718 1618 759 nunc
1681 682 1886 760 eidem
1948 699 2199 760 domine
2246 701 2444 761 Elene
2507 702 2588 761 ad
2648 701 3024 762 medicinam
3087 703 3319 763 doloris

751 807 1013 885 predicti
1059 806 1303 866 Nicolai
1349 806 1456 866 filii
1503 806 1618 880 sui,
1664 815 1850 885 prout
1897 807 2099 867 eciam
2146 807 2371 868 eadem
2418 809 2672 869 domina
2717 809 2916 870 Elena
2978 810 3161 871 nobis
3207 829 3313 871 ve-

751 915 976 975 raciter
1020 915 1243 989 retulit,
1291 915 1474 992 plene
1520 914 1837 994 persolvit,
1885 915 2287 990 vendidisset,
2335 935 2549 994 ymmo
2597 936 2673 977 ex
2721 936 2913 977 sensu
2961 919 3203 979 Thome
3252 927 3316 978 et

749 1023 1059 1083 Valentini
1107 1043 1181 1083 ac
1228 1022 1488 1103 Georgii
1535 1023 1799 1083 filiorum
1847 1025 2115 1084 condam
2182 1024 2485 1103 Stephani
2549 1025 2657 1084 filii
2718 1027 2889 1102 olym
2951 1025 3189 1086 Vrbani
3235 1027 3315 1086 de

711 1131 915 1191 ·dicta
978 1131 1330 1191 Korilowcz
1397 1139 1460 1190 et
1520 1131 1782 1191 aliorum
1854 1131 2133 1192 omnium
2194 1131 2538 1193 vicinorum
2610 1140 2673 1192 et
2738 1141 3313 1194 commetaneorum

747 1239 1186 1318 predictorum,
1236 1239 1516 1299 vendidit
1545 1259 1758 1300 coram
1789 1239 1971 1304 nobis
2016 1239 2151 1299 iure
2193 1248 2498 1318 perpetuo
2545 1249 2609 1300 et
2652 1240 3141 1301 irrevocabiliter
3170 1260 3313 1318 pos-

747 1347 1109 1422 sidendam3
1159 1346 1497 1425 assumpsit
1542 1347 1798 1425 insuper
1840 1347 2124 1426 predicta
2170 1347 2424 1407 domina
2468 1347 2667 1408 Elena
2712 1348 2777 1408 in
2834 1349 3117 1426 personis
3164 1367 3316 1426 quo-

745 1473 885 1514 rum
930 1473 1140 1532 supra,
1185 1453 1496 1532 prefatum
1543 1454 1953 1514 Benedictum
2012 1455 2312 1532 Krupych
2360 1454 2424 1515 in
2471 1455 2753 1541 dominio·
2791 1455 2954 1526 dicte
3000 1455 3313 1534 porcionis

747 1561 1259 1640 possessionarie,
1308 1568 1526 1621 contra
1573 1562 1876 1640 quoslicet
1907 1562 2311 1641 impeditores
2346 1562 2507 1623 tueri
2552 1571 2616 1622 et
2660 1571 2993 1643 protegere
3040 1563 3305 1642 propriis

740 1669 874 1728 ‚suis
922 1678 984 1730 et
1029 1669 1225 1748 ipsius
1271 1669 1377 1729 filii
1427 1670 1522 1728 sui
1591 1670 1909 1730 laboribus
1959 1679 2022 1730 et
2069 1670 2379 1748 expensis,
2428 1670 2495 1729 In
2560 1670 2737 1731 cuius
2800 1671 2889 1730 rei
2954 1671 3309 1730 firmitatem

744 1786 1129 1856 perpetuam,
1179 1777 1572 1856 presentibus
1620 1777 1888 1858 sigillum
1954 1785 2237 1838 nostrum
2284 1777 2534 1838 solitum
2600 1778 2887 1838 duximus
2938 1778 3307 1856 appenden-

746 1886 911 1946 dum.
961 1887 1192 1946 Datum
1219 1885 1550 1966 Zagrabie,
1597 1885 1754 1946 feria
1799 1887 2081 1947 secunda
2108 1886 2394 1964 proxima
2442 1891 2586 1946 ante
2618 1885 2846 1946 festum
2893 1886 3079 1946 beate
3110 1885 3307 1945 Elene

745 1993 982 2074 regine,
1027 2013 1190 2054 anno
1223 1992 1455 2076 domini
1487 1993 1813 2054 millesimo
1845 1993 2467 2074 quadringentesimo
2518 1993 3043 2074 quinquagesimo
3072 1993 3307 2072 quinte.

958 2132 1240 2202 originale
1282 2135 1722 2204 membraneum,
1780 2135 2059 2204 dependet
2096 2135 2358 2195 coerulea
2395 2133 2610 2187 sericea
2648 2123 3046 2201 zona'absque
3104 2133 3304 2210 sigillo.

745 2223 804 2275 In
843 2222 1077 2277 archivo
1116 2237 1287 2290 regno
1327 2221 1386 2280 C.
1423 2223 1480 2278 S.
1517 2227 1575 2277 et
1611 2224 1685 2277 D:
1725 2223 1857 2278 Doc.
1898 2223 2069 2300 medii
2109 2223 2237 2279 aevi
2276 2239 2326 2277 a.
2369 2221 2524 2276 1455.

959 2719 1382 2856 Anno-1455.
1439 2759 1533 2822 16.
1581 2762 1749 2823 iunii.
1798 2763 2169 2843 Zagrabiae.

747 2972 998 3036 Coram
1046 2973 1351 3038 Iohanne
1385 2971 1548 3058 filio
1595 2973 1955 3038 Benedicti
1987 2972 2309 3059 Jagnych
2353 2973 2436 3037 de
2478 2971 2707 3057 Super
2763 2971 3151 3050 Lokawecz,
3198 2991 3301 3036 co-

741 3082 911 3145 mite
956 3083 1116 3146 terr.
1169 3080 1425 3171 Campi·
1460 3081 1977 3166 Zagrabiensis,
2007 3066 2229 3146 Elena
2264 3080 2431 3166 filia
2462 3081 2823 3146 Benedicti
2853 3079 2935 3145 de
2967 3080 3301 3165 Rakarya,

737 3188 1084 3272 quandam
1131 3190 1505 3254 sessionem
1553 3210 1756 3254 suam
1797 3191 1876 3254 in
1905 3189 2141 3255 eadem
2176 3189 2493 3274 Rakarya
2537 3187 2865 3266 habitam,
2900 3186 3127 3252 tribus
3158 3187 3297 3272 flo-

913 3298 1122 3374 reniS,
1170 3296 1656 3382 Margarethae
1691 3296 1892 3380 filiae
1943 3297 2165 3374 Pauli,
2211 3298 2493 3382 eiusque
2540 3297 2815 3376 marit0,
2862 3295 3117 3360 vendit.

953 3516 1086 3575 Nos
1132 3516 1440 3575 Iohannes
1501 3515 1664 3575 filius
1712 3515 1981 3574 condam
2041 3514 2364 3574 Benedicti
2428 3514 2653 3592 supani
2699 3514 2978 3594 Iagnych
3026 3513 3171 3574 dicti
3218 3514 3296 3573 de

738 3624 1054 3701 Superiori
1141 3623 1492 3682 Lokawecz
1555 3641 1766 3681 comes
1827 3623 2136 3682 terrestris
2200 3619 2425 3700 Campi
2488 3621 2933 3701 Zagrabiensis
2996 3621 3294 3680 memorie

739 3732 1250 3791 commendamus
1304 3739 1519 3790 tenore
1561 3729 1954 3808 presencium
2005 3729 2387 3808 significates
2429 3728 2653 3807 quibus
2687 3728 2937 3807 expedit
2967 3727 3296 3799 universiS,

737 3840 906 3918 quod
953 3839 1173 3899 nobilis
1222 3837 1474 3897 domina
1520 3837 1718 3896 Elena
1767 3845 2008 3911 vocata,
2056 3837 2183 3896 filia
2229 3837 2497 3897 condam
2543 3836 2865 3897 Benedicti
2910 3835 3019 3895 filii
3050 3835 3179 3895 Ielk
3212 3835 3291 3894 de

736 3947 1047 4024 Rakarya,
1095 3945 1156 4004 in
1203 3963 1321 4004 sua
1366 3951 1429 4004 et
1474 3943 1726 4024 Agathe
1776 3963 1851 4003 ac
1897 3944 2303 4024 Margarethe
2352 3943 2618 4004 filiarum
2680 3961 2936 4002 suarum
2990 3941 3292 4020 personiS,

737 4074 895 4114 onus
944 4062 1007 4114 et
1053 4072 1400 4134 gravamen
1471 4053 1813 4112 earundem
1883 4051 2149 4111 filiarum
2212 4070 2484 4126 suarum,
2533 4051 2585 4110 si
2634 4052 2854 4111 eedem
2902 4049 3024 4109 filie
3072 4068 3183 4108 sue
3230 4049 3294 4108 in

737 4163 900 4222 facto
947 4161 1338 4239 infrascripto
1384 4179 1701 4239 quoquam
1750 4159 2047 4238 temporis
2095 4159 2157 4218 in
2204 4178 2503 4236 processu
2567 4159 2901 4236 persistere
2948 4157 3176 4230 nolent,
3224 4155 3287 4215 in

735 4288 802 4328 se
851 4270 1050 4348 ipsam
1117 4277 1337 4346 sponte
1405 4287 1519 4346 per
1578 4267 1787 4328 omnia
1852 4267 2313 4342 assummendO,
2374 4267 2456 4329 ad
2518 4273 2797 4326 nostram
2844 4265 3103 4325 veniens
3150 4283 3288 4341 pre-

735 4376 1030 4450 senciam,
1091 4376 1380 4436 confessa
1443 4383 1540 4435 est
1600 4375 1662 4434 in
1723 4375 1888 4435 hunc
1951 4376 2225 4450 modum,
2272 4383 2341 4434 ut
2386 4374 2525 4453 ipsa
2574 4373 2892 4453 quandam
2946 4373 3291 4434 sessionem

735 4503 912 4544 suam
961 4486 1021 4544 in
1069 4484 1348 4563 predicta
1396 4483 1706 4560 Rakarya,
1754 4483 1814 4543 in
1863 4491 2047 4561 portu
2094 4483 2372 4544 similiter
2428 4482 2719 4558 Rakarya
2765 4480 2939 4540 fluvii
2985 4480 3077 4540 sic
3122 4479 3289 4553 dicti,

732 4594 892 4652 inter
939 4593 1284 4653 sessionem
1344 4591 1647 4651 heredum
1694 4592 1961 4650 condam
2009 4590 2270 4668 Mathye
2317 4589 2425 4650 filii
2488 4589 2816 4650 Michaelis
2864 4589 2943 4648 de
3007 4588 3289 4666 predicta

733 4701 1025 4777 Rakarya
1073 4701 1151 4760 ab
1201 4700 1540 4772 occidente,
1590 4718 1777 4777 quam
1827 4718 1991 4758 nunc
2055 4698 2308 4758 domina
2370 4697 2781 4777 Margaretha
2842 4695 2968 4756 filia
3017 4694 3286 4756 condam

733 4807 985 4868 Andree
1033 4808 1139 4867 filii
1205 4807 1427 4885 prefati
1495 4806 1638 4880 Ielk‚
1710 4824 1969 4865 consors
2016 4825 2167 4864 vero
2231 4804 2534 4885 legittima
2605 4823 2771 4863 nunc
2838 4803 3076 4880 Kyryni
3142 4801 3289 4862 dicti

736 4916 788 4977 T
793 4917 1024 4992 erbych
1092 4917 1170 4976 de
1236 4916 1441 4989 Plezo,
1489 4914 1623 4974 iure
1673 4915 1788 4974 sibi
1837 4915 1950 4973 rite
1998 4914 2378 4974 incumbenti
2440 4913 2778 4973 dinoscitur
2823 4912 3185 4989 possidere,'
3214 4910 3293 4970 ab
