<?xml version="1.0" encoding="UTF-8"?>
<!DOCTYPE html PUBLIC "-//W3C//DTD XHTML 1.0 Transitional//EN"
    "http://www.w3.org/TR/xhtml1/DTD/xhtml1-transitional.dtd">
<html xmlns="http://www.w3.org/1999/xhtml" xml:lang="en" lang="en">
 <head>
  <title>
</title>
<meta http-equiv="Content-Type" content="text/html;charset=utf-8" />
  <meta name='ocr-system' content='tesseract 3.04.00' />
  <meta name='ocr-capabilities' content='ocr_page ocr_carea ocr_par ocr_line ocrx_word'/>
</head>
<body>
  <div class='ocr_page' id='page_1' title='image "./povjesnispomeni01laszgoog_0337.png"; bbox 0 0 3917 5592; ppageno 0'>
   <div class='ocr_carea' id='block_1_1' title="bbox 3006 459 3136 520">
    <p class='ocr_par' dir='ltr' id='par_1_1' title="bbox 3006 459 3136 520">
     <span class='ocr_line' id='line_1_1' title="bbox 3006 459 3136 520; baseline -0.015 0"><span class='ocrx_word' id='word_1_1' title='bbox 3006 459 3136 520; x_wconf 88' lang='lat'>287</span> 
     </span>
    </p>
   </div>
   <div class='ocr_carea' id='block_1_2' title="bbox 570 677 3134 1796">
    <p class='ocr_par' dir='ltr' id='par_1_2' title="bbox 572 677 3134 1506">
     <span class='ocr_line' id='line_1_2' title="bbox 584 677 3134 756; baseline -0.002 -20"><span class='ocrx_word' id='word_1_2' title='bbox 584 677 784 750; x_wconf 74' lang='lat' dir='ltr'>factiS,</span> <span class='ocrx_word' id='word_1_3' title='bbox 848 677 1126 737; x_wconf 88' lang='lat' dir='ltr'>dividere</span> <span class='ocrx_word' id='word_1_4' title='bbox 1176 686 1281 736; x_wconf 84' lang='lat' dir='ltr'>aut</span> <span class='ocrx_word' id='word_1_5' title='bbox 1330 677 1689 755; x_wconf 86' lang='lat' dir='ltr'>porcionem</span> <span class='ocrx_word' id='word_1_6' title='bbox 1752 677 1987 738; x_wconf 89' lang='lat' dir='ltr'>habere</span> <span class='ocrx_word' id='word_1_7' title='bbox 2036 678 2136 738; x_wconf 89' lang='lat' dir='ltr'>vel</span> <span class='ocrx_word' id='word_1_8' title='bbox 2181 678 2313 738; x_wconf 90' lang='lat' dir='ltr'>sine</span> <span class='ocrx_word' id='word_1_9' title='bbox 2361 677 2619 737; x_wconf 82' lang='lat' dir='ltr'>licencia</span> <span class='ocrx_word' id='word_1_10' title='bbox 2665 677 2888 756; x_wconf 79' lang='lat' dir='ltr'>prefati</span> <span class='ocrx_word' id='word_1_11' title='bbox 2935 721 2947 735; x_wconf 94' lang='lat'><strong>.</strong></span> <span class='ocrx_word' id='word_1_12' title='bbox 2999 723 3009 732; x_wconf 92' lang='lat'>.</span> <span class='ocrx_word' id='word_1_13' title='bbox 3061 720 3072 735; x_wconf 92' lang='lat'><strong>.</strong></span> <span class='ocrx_word' id='word_1_14' title='bbox 3123 719 3134 732; x_wconf 90' lang='lat'>.</span> 
     </span>
     <span class='ocr_line' id='line_1_3' title="bbox 580 783 3132 863; baseline -0.001 -19"><span class='ocrx_word' id='word_1_15' title='bbox 580 829 1090 844; x_wconf 89' lang='lat'><strong>.........</strong></span> <span class='ocrx_word' id='word_1_16' title='bbox 1140 784 1307 863; x_wconf 86' lang='lat' dir='ltr'>quali</span> <span class='ocrx_word' id='word_1_17' title='bbox 1357 785 1439 844; x_wconf 88' lang='lat' dir='ltr'>ad</span> <span class='ocrx_word' id='word_1_18' title='bbox 1486 785 1708 844; x_wconf 89' lang='lat' dir='ltr'>eadem</span> <span class='ocrx_word' id='word_1_19' title='bbox 1772 784 2131 858; x_wconf 83' lang='lat' dir='ltr'>niterentur,</span> <span class='ocrx_word' id='word_1_20' title='bbox 2181 792 2407 844; x_wconf 85' lang='lat' dir='ltr'>extunc</span> <span class='ocrx_word' id='word_1_21' title='bbox 2455 792 2673 844; x_wconf 90' lang='lat' dir='ltr'>contra</span> <span class='ocrx_word' id='word_1_22' title='bbox 2734 784 2938 862; x_wconf 87' lang='lat' dir='ltr'>ipsum</span> <span class='ocrx_word' id='word_1_23' title='bbox 2990 783 3132 842; x_wconf 82' lang='lat' dir='ltr'>Dio-</span> 
     </span>
     <span class='ocr_line' id='line_1_4' title="bbox 579 891 3128 954; baseline -0 -4"><span class='ocrx_word' id='word_1_24' title='bbox 579 891 805 952; x_wconf 86' lang='lat' dir='ltr'>nisium</span> <span class='ocrx_word' id='word_1_25' title='bbox 852 891 1115 951; x_wconf 88' lang='lat' dir='ltr'>Miksicz</span> <span class='ocrx_word' id='word_1_26' title='bbox 1164 911 1243 950; x_wconf 92' lang='lat' dir='ltr'>an</span> <span class='ocrx_word' id='word_1_27' title='bbox 1290 892 1450 951; x_wconf 89' lang='lat' dir='ltr'>filios</span> <span class='ocrx_word' id='word_1_28' title='bbox 1498 892 1779 954; x_wconf 86' lang='lat' dir='ltr'>eiusdem</span> <span class='ocrx_word' id='word_1_29' title='bbox 1826 891 1889 951; x_wconf 88' lang='lat' dir='ltr'>in</span> <span class='ocrx_word' id='word_1_30' title='bbox 1935 891 2133 951; x_wconf 87' lang='lat' dir='ltr'>tribus</span> <span class='ocrx_word' id='word_1_31' title='bbox 2169 892 2394 951; x_wconf 89' lang='lat' dir='ltr'>marcis</span> <span class='ocrx_word' id='word_1_32' title='bbox 2443 892 2840 952; x_wconf 85' lang='lat' dir='ltr'>denariorum</span> <span class='ocrx_word' id='word_1_33' title='bbox 2874 936 3128 951; x_wconf 91' lang='grc'><strong>......</strong></span> 
     </span>
     <span class='ocr_line' id='line_1_5' title="bbox 575 997 3132 1079; baseline -0.001 -21"><span class='ocrx_word' id='word_1_34' title='bbox 575 1008 680 1058; x_wconf 88' lang='lat' dir='ltr'>ten</span> <span class='ocrx_word' id='word_1_35' title='bbox 728 1044 740 1057; x_wconf 95' lang='lat'>.</span> <span class='ocrx_word' id='word_1_36' title='bbox 792 1045 803 1058; x_wconf 94' lang='lat'>.</span> <span class='ocrx_word' id='word_1_37' title='bbox 854 1045 865 1058; x_wconf 94' lang='lat'>.</span> <span class='ocrx_word' id='word_1_38' title='bbox 917 1045 929 1057; x_wconf 91' lang='lat'>.</span> <span class='ocrx_word' id='word_1_39' title='bbox 962 999 1245 1058; x_wconf 87' lang='lat' dir='ltr'>convinci</span> <span class='ocrx_word' id='word_1_40' title='bbox 1279 1007 1340 1058; x_wconf 90' lang='lat' dir='ltr'>et</span> <span class='ocrx_word' id='word_1_41' title='bbox 1372 999 1665 1078; x_wconf 80' lang='lat' dir='ltr'>agravari</span> <span class='ocrx_word' id='word_1_42' title='bbox 1694 999 2087 1072; x_wconf 88' lang='lat' dir='ltr'>tenebuntur,</span> <span class='ocrx_word' id='word_1_43' title='bbox 2118 999 2336 1079; x_wconf 86' lang='lat' dir='ltr'>vigore</span> <span class='ocrx_word' id='word_1_44' title='bbox 2367 1007 2430 1058; x_wconf 90' lang='lat' dir='ltr'>et</span> <span class='ocrx_word' id='word_1_45' title='bbox 2461 998 2812 1059; x_wconf 86' lang='lat' dir='ltr'>testimonio</span> <span class='ocrx_word' id='word_1_46' title='bbox 2844 1019 2917 1057; x_wconf 85' lang='lat' dir='ltr'>ac</span> <span class='ocrx_word' id='word_1_47' title='bbox 2947 997 3132 1058; x_wconf 85' lang='lat' dir='ltr'>firmi·</span> 
     </span>
     <span class='ocr_line' id='line_1_6' title="bbox 572 1103 3132 1185; baseline -0.002 -19"><span class='ocrx_word' id='word_1_48' title='bbox 572 1115 701 1166; x_wconf 90' lang='lat' dir='ltr'>tate</span> <span class='ocrx_word' id='word_1_49' title='bbox 750 1107 1143 1185; x_wconf 87' lang='lat' dir='ltr'>presencium</span> <span class='ocrx_word' id='word_1_50' title='bbox 1192 1115 1544 1165; x_wconf 86' lang='lat' dir='ltr'>nostrarum</span> <span class='ocrx_word' id='word_1_51' title='bbox 1588 1105 1933 1165; x_wconf 88' lang='lat' dir='ltr'>litterarum</span> <span class='ocrx_word' id='word_1_52' title='bbox 1981 1152 2433 1166; x_wconf 93' lang='grc'><strong>........</strong></span> <span class='ocrx_word' id='word_1_53' title='bbox 2485 1105 2706 1166; x_wconf 88' lang='lat' dir='ltr'>dencia</span> <span class='ocrx_word' id='word_1_54' title='bbox 2755 1105 2812 1164; x_wconf 88' lang='lat' dir='ltr'>in</span> <span class='ocrx_word' id='word_1_55' title='bbox 2863 1103 3132 1164; x_wconf 85' lang='lat' dir='ltr'>inferiori</span> 
     </span>
     <span class='ocr_line' id='line_1_7' title="bbox 573 1213 3129 1294; baseline -0.001 -21"><span class='ocrx_word' id='word_1_56' title='bbox 573 1214 859 1294; x_wconf 85' lang='lat' dir='ltr'>margine</span> <span class='ocrx_word' id='word_1_57' title='bbox 908 1213 1379 1291; x_wconf 78' lang='lat' dir='ltr'>cosignatarum</span> <span class='ocrx_word' id='word_1_58' title='bbox 1426 1213 1756 1273; x_wconf 68' lang='lat' dir='ltr'>mediante.</span> <span class='ocrx_word' id='word_1_59' title='bbox 1808 1213 2040 1272; x_wconf 88' lang='lat' dir='ltr'>Datum</span> <span class='ocrx_word' id='word_1_60' title='bbox 2085 1213 2416 1293; x_wconf 83' lang='lat' dir='ltr'>Zagrabie,</span> <span class='ocrx_word' id='word_1_61' title='bbox 2463 1213 2619 1273; x_wconf 88' lang='lat' dir='ltr'>feria</span> <span class='ocrx_word' id='word_1_62' title='bbox 2666 1213 2942 1272; x_wconf 88' lang='lat' dir='ltr'>secunda</span> <span class='ocrx_word' id='word_1_63' title='bbox 2991 1231 3129 1289; x_wconf 91' lang='lat' dir='ltr'>pro-</span> 
     </span>
     <span class='ocr_line' id='line_1_8' title="bbox 574 1319 3130 1401; baseline -0.001 -21"><span class='ocrx_word' id='word_1_64' title='bbox 574 1322 739 1381; x_wconf 79' lang='lat' dir='ltr'>xima</span> <span class='ocrx_word' id='word_1_65' title='bbox 788 1367 1554 1381; x_wconf 91' lang='grc'><strong>.............</strong></span> <span class='ocrx_word' id='word_1_66' title='bbox 1605 1321 1928 1380; x_wconf 88' lang='lat' dir='ltr'>millesimo</span> <span class='ocrx_word' id='word_1_67' title='bbox 1981 1320 2597 1401; x_wconf 88' lang='lat' dir='ltr'>quadringentesimo</span> <span class='ocrx_word' id='word_1_68' title='bbox 2646 1319 3130 1398; x_wconf 86' lang='lat' dir='ltr'>quadragesimo</span> 
     </span>
     <span class='ocr_line' id='line_1_9' title="bbox 572 1428 854 1506; baseline -0.007 -18"><span class='ocrx_word' id='word_1_69' title='bbox 572 1428 854 1506; x_wconf 79' lang='lat' dir='ltr'>septimo,</span> 
     </span>
    </p>

    <p class='ocr_par' dir='ltr' id='par_1_3' title="bbox 570 1546 3128 1796">
     <span class='ocr_line' id='line_1_10' title="bbox 790 1546 3128 1617; baseline -0.001 -17"><span class='ocrx_word' id='word_1_70' title='bbox 790 1546 1075 1616; x_wconf 75' lang='lat' dir='ltr'>originale</span> <span class='ocrx_word' id='word_1_71' title='bbox 1114 1547 1169 1601; x_wconf 88' lang='lat' dir='ltr'>in</span> <span class='ocrx_word' id='word_1_72' title='bbox 1211 1547 1441 1601; x_wconf 80' lang='lat' dir='ltr'>sinistra</span> <span class='ocrx_word' id='word_1_73' title='bbox 1477 1553 1634 1617; x_wconf 84' lang='lat' dir='ltr'>parte</span> <span class='ocrx_word' id='word_1_74' title='bbox 1662 1564 1941 1614; x_wconf 77' lang='lat' dir='ltr'>mancum,</span> <span class='ocrx_word' id='word_1_75' title='bbox 1971 1550 2167 1602; x_wconf 84' lang='lat' dir='ltr'>subtus</span> <span class='ocrx_word' id='word_1_76' title='bbox 2193 1564 2525 1617; x_wconf 84' lang='lat' dir='ltr'>appressum</span> <span class='ocrx_word' id='word_1_77' title='bbox 2563 1552 2649 1602; x_wconf 78' lang='lat' dir='ltr'>est</span> <span class='ocrx_word' id='word_1_78' title='bbox 2674 1547 2934 1617; x_wconf 77' lang='lat' dir='ltr'>sigillum,</span> <span class='ocrx_word' id='word_1_79' title='bbox 2975 1547 3128 1600; x_wconf 78' lang='lat' dir='ltr'>exhi-</span> 
     </span>
     <span class='ocr_line' id='line_1_11' title="bbox 570 1637 3124 1707; baseline -0.001 -16"><span class='ocrx_word' id='word_1_80' title='bbox 570 1639 709 1691; x_wconf 84' lang='lat' dir='ltr'>bens</span> <span class='ocrx_word' id='word_1_81' title='bbox 761 1641 981 1691; x_wconf 71' lang='lat' dir='ltr'>&gt;cutum</span> <span class='ocrx_word' id='word_1_82' title='bbox 1022 1637 1075 1690; x_wconf 86' lang='lat' dir='ltr'>iu</span> <span class='ocrx_word' id='word_1_83' title='bbox 1118 1637 1257 1691; x_wconf 89' lang='lat' dir='ltr'>duas</span> <span class='ocrx_word' id='word_1_84' title='bbox 1298 1641 1484 1706; x_wconf 82' lang='lat' dir='ltr'>partes</span> <span class='ocrx_word' id='word_1_85' title='bbox 1524 1638 1787 1707; x_wconf 84' lang='lat' dir='ltr'>divisum,</span> <span class='ocrx_word' id='word_1_86' title='bbox 1840 1638 1896 1691; x_wconf 88' lang='lat' dir='ltr'>in</span> <span class='ocrx_word' id='word_1_87' title='bbox 1937 1655 2174 1707; x_wconf 87' lang='lat' dir='ltr'>quarum</span> <span class='ocrx_word' id='word_1_88' title='bbox 2215 1637 2490 1705; x_wconf 80' lang='lat' dir='ltr'>superiori</span> <span class='ocrx_word' id='word_1_89' title='bbox 2529 1638 2699 1691; x_wconf 81' lang='lat' dir='ltr'>draco</span> <span class='ocrx_word' id='word_1_90' title='bbox 2747 1638 2817 1690; x_wconf 86' lang='lat' dir='ltr'>ad</span> <span class='ocrx_word' id='word_1_91' title='bbox 2865 1637 3124 1690; x_wconf 65' lang='lat' dir='ltr'>‘doxtrum</span> 
     </span>
     <span class='ocr_line' id='line_1_12' title="bbox 572 1726 3123 1796; baseline -0 -16"><span class='ocrx_word' id='word_1_92' title='bbox 572 1727 711 1780; x_wconf 73' lang='lat' dir='ltr'>scuti</span> <span class='ocrx_word' id='word_1_93' title='bbox 756 1729 899 1780; x_wconf 82' lang='lat' dir='ltr'>latus</span> <span class='ocrx_word' id='word_1_94' title='bbox 950 1727 1278 1796; x_wconf 73' lang='lat' dir='ltr'>procedenS,</span> <span class='ocrx_word' id='word_1_95' title='bbox 1330 1728 1385 1781; x_wconf 88' lang='lat' dir='ltr'>in</span> <span class='ocrx_word' id='word_1_96' title='bbox 1428 1727 1679 1781; x_wconf 77' lang='lat' dir='ltr'>inferiori</span> <span class='ocrx_word' id='word_1_97' title='bbox 1731 1731 1921 1781; x_wconf 79' lang='lat' dir='ltr'>autem</span> <span class='ocrx_word' id='word_1_98' title='bbox 1960 1729 2075 1780; x_wconf 91' lang='lat' dir='ltr'>duo</span> <span class='ocrx_word' id='word_1_99' title='bbox 2116 1727 2472 1780; x_wconf 81' lang='lat' dir='ltr'>dextrorsum</span> <span class='ocrx_word' id='word_1_100' title='bbox 2527 1726 2777 1780; x_wconf 82' lang='lat' dir='ltr'>inclinati</span> <span class='ocrx_word' id='word_1_101' title='bbox 2829 1727 2994 1780; x_wconf 75' lang='lat' dir='ltr'>baltei</span> <span class='ocrx_word' id='word_1_102' title='bbox 3041 1727 3123 1780; x_wconf 82' lang='lat' dir='ltr'>vi—</span> 
     </span>
    </p>
   </div>
   <div class='ocr_carea' id='block_1_3' title="bbox 568 1816 3120 1978">
    <p class='ocr_par' dir='ltr' id='par_1_4' title="bbox 568 1816 3120 1978">
     <span class='ocr_line' id='line_1_13' title="bbox 568 1816 3120 1886; baseline -0 -15"><span class='ocrx_word' id='word_1_103' title='bbox 568 1822 783 1871; x_wconf 84' lang='lat' dir='ltr'>suntur.</span> <span class='ocrx_word' id='word_1_104' title='bbox 822 1816 1195 1871; x_wconf 82' lang='lat' dir='ltr'>Circumcirca</span> <span class='ocrx_word' id='word_1_105' title='bbox 1215 1819 1462 1872; x_wconf 76' lang='lat' dir='ltr'>existens</span> <span class='ocrx_word' id='word_1_106' title='bbox 1502 1817 1791 1886; x_wconf 80' lang='lat' dir='ltr'>inscriptio</span> <span class='ocrx_word' id='word_1_107' title='bbox 1834 1817 1982 1871; x_wconf 89' lang='lat' dir='ltr'>haud</span> <span class='ocrx_word' id='word_1_108' title='bbox 2011 1816 2117 1884; x_wconf 85' lang='lat' dir='ltr'>legi</span> <span class='ocrx_word' id='word_1_109' title='bbox 2158 1821 2358 1885; x_wconf 78' lang='lat' dir='ltr'>potest.</span> <span class='ocrx_word' id='word_1_110' title='bbox 2401 1816 2460 1869; x_wconf 86' lang='lat' dir='ltr'>In</span> <span class='ocrx_word' id='word_1_111' title='bbox 2499 1817 2734 1870; x_wconf 80' lang='lat' dir='ltr'>archivo</span> <span class='ocrx_word' id='word_1_112' title='bbox 2760 1816 3120 1870; x_wconf 79' lang='lat' dir='ltr'>acca·le1niae</span> 
     </span>
     <span class='ocr_line' id='line_1_14' title="bbox 569 1907 1845 1978; baseline 0.001 -17"><span class='ocrx_word' id='word_1_113' title='bbox 569 1907 749 1961; x_wconf 83' lang='lat' dir='ltr'>scient</span> <span class='ocrx_word' id='word_1_114' title='bbox 797 1913 853 1962; x_wconf 87' lang='lat' dir='ltr'>et</span> <span class='ocrx_word' id='word_1_115' title='bbox 890 1912 989 1961; x_wconf 84' lang='lat' dir='ltr'>art.</span> <span class='ocrx_word' id='word_1_116' title='bbox 1032 1907 1248 1962; x_wconf 83' lang='lat' dir='ltr'>Slavor.</span> <span class='ocrx_word' id='word_1_117' title='bbox 1288 1909 1481 1962; x_wconf 87' lang='lat' dir='ltr'>merid.</span> <span class='ocrx_word' id='word_1_118' title='bbox 1522 1907 1845 1978; x_wconf 78' lang='lat' dir='ltr'>Zagrabiae.</span> 
     </span>
    </p>
   </div>
   <div class='ocr_carea' id='block_1_4' title="bbox 1743 2193 1953 2264">
    <p class='ocr_par' dir='ltr' id='par_1_5' title="bbox 1743 2193 1953 2264">
     <span class='ocr_line' id='line_1_15' title="bbox 1743 2193 1953 2264; baseline -0.005 -1"><span class='ocrx_word' id='word_1_119' title='bbox 1743 2193 1953 2264; x_wconf 75' lang='lat'>20³.</span> 
     </span>
    </p>
   </div>
   <div class='ocr_carea' id='block_1_5' title="bbox 783 2367 2043 2474">
    <p class='ocr_par' dir='ltr' id='par_1_6' title="bbox 783 2367 2043 2474">
     <span class='ocr_line' id='line_1_16' title="bbox 783 2367 2043 2474; baseline 0.001 -21"><span class='ocrx_word' id='word_1_120' title='bbox 783 2394 965 2453; x_wconf 87' lang='lat' dir='ltr'>Anno</span> <span class='ocrx_word' id='word_1_121' title='bbox 1022 2391 1204 2453; x_wconf 84' lang='lat'>1448.</span> <span class='ocrx_word' id='word_1_122' title='bbox 1262 2391 1356 2454; x_wconf 86' lang='lat'>18.</span> <span class='ocrx_word' id='word_1_123' title='bbox 1406 2395 1623 2454; x_wconf 90' lang='lat' dir='ltr'>martii.</span> <span class='ocrx_word' id='word_1_124' title='bbox 1671 2367 2043 2474; x_wconf 86' lang='lat' dir='ltr'>Zagrabiae.</span> 
     </span>
    </p>
   </div>
   <div class='ocr_carea' id='block_1_6' title="bbox 567 2605 3125 3227">
    <p class='ocr_par' dir='ltr' id='par_1_7' title="bbox 567 2605 3125 3227">
     <span class='ocr_line' id='line_1_17' title="bbox 572 2605 3125 2692; baseline 0.001 -22"><span class='ocrx_word' id='word_1_125' title='bbox 572 2607 825 2670; x_wconf 81' lang='lat' dir='ltr'>Coram</span> <span class='ocrx_word' id='word_1_126' title='bbox 895 2605 1195 2691; x_wconf 73' lang='lat' dir='ltr'>Georgio</span> <span class='ocrx_word' id='word_1_127' title='bbox 1264 2605 1799 2690; x_wconf 72' lang='lat' dir='ltr'>Halgelsperger</span> <span class='ocrx_word' id='word_1_128' title='bbox 1856 2607 2103 2671; x_wconf 79' lang='lat' dir='ltr'>comite</span> <span class='ocrx_word' id='word_1_129' title='bbox 2170 2607 2422 2690; x_wconf 81' lang='lat' dir='ltr'>Campi</span> <span class='ocrx_word' id='word_1_130' title='bbox 2485 2607 2982 2692; x_wconf 79' lang='lat' dir='ltr'>Zagrabiensis</span> <span class='ocrx_word' id='word_1_131' title='bbox 3045 2630 3125 2672; x_wconf 87' lang='lat' dir='ltr'>ac</span> 
     </span>
     <span class='ocr_line' id='line_1_18' title="bbox 574 2702 3120 2800; baseline -0 -22"><span class='ocrx_word' id='word_1_132' title='bbox 574 2702 874 2798; x_wconf 74' lang='lat' dir='ltr'>Georgio</span> <span class='ocrx_word' id='word_1_133' title='bbox 931 2713 1089 2798; x_wconf 82' lang='lat' dir='ltr'>filio</span> <span class='ocrx_word' id='word_1_134' title='bbox 1158 2713 1410 2800; x_wconf 80' lang='lat' dir='ltr'>Egidii</span> <span class='ocrx_word' id='word_1_135' title='bbox 1477 2714 1559 2778; x_wconf 88' lang='lat' dir='ltr'>de</span> <span class='ocrx_word' id='word_1_136' title='bbox 1632 2713 2039 2791; x_wconf 81' lang='lat' dir='ltr'>Korilowcz,</span> <span class='ocrx_word' id='word_1_137' title='bbox 2111 2716 2358 2778; x_wconf 78' lang='lat' dir='ltr'>comite</span> <span class='ocrx_word' id='word_1_138' title='bbox 2428 2716 2746 2779; x_wconf 76' lang='lat' dir='ltr'>terrestri</span> <span class='ocrx_word' id='word_1_139' title='bbox 2814 2715 3120 2779; x_wconf 76' lang='lat' dir='ltr'>eiusdem</span> 
     </span>
     <span class='ocr_line' id='line_1_19' title="bbox 572 2821 3122 2906; baseline 0.001 -20"><span class='ocrx_word' id='word_1_140' title='bbox 572 2822 839 2905; x_wconf 80' lang='lat' dir='ltr'>Campi,</span> <span class='ocrx_word' id='word_1_141' title='bbox 887 2823 1353 2887; x_wconf 81' lang='lat' dir='ltr'>controversia</span> <span class='ocrx_word' id='word_1_142' title='bbox 1399 2822 1673 2886; x_wconf 72' lang='lat' dir='ltr'>ratione</span> <span class='ocrx_word' id='word_1_143' title='bbox 1717 2821 2162 2906; x_wconf 84' lang='lat' dir='ltr'>quarundam</span> <span class='ocrx_word' id='word_1_144' title='bbox 2202 2822 2722 2905; x_wconf 79' lang='lat' dir='ltr'>possessionum</span> <span class='ocrx_word' id='word_1_145' title='bbox 2787 2822 2862 2885; x_wconf 83' lang='grc' dir='ltr'>ιἰι</span> <span class='ocrx_word' id='word_1_146' title='bbox 2913 2821 3122 2906; x_wconf 83' lang='lat' dir='ltr'>Infer.</span> 
     </span>
     <span class='ocr_line' id='line_1_20' title="bbox 570 2927 3121 3013; baseline 0 -21"><span class='ocrx_word' id='word_1_147' title='bbox 570 2928 995 3013; x_wconf 80' lang='lat' dir='ltr'>Lompnicza</span> <span class='ocrx_word' id='word_1_148' title='bbox 1042 2929 1366 3004; x_wconf 79' lang='lat' dir='ltr'>sitarum,</span> <span class='ocrx_word' id='word_1_149' title='bbox 1416 2929 1601 2992; x_wconf 77' lang='lat' dir='ltr'>inter</span> <span class='ocrx_word' id='word_1_150' title='bbox 1648 2929 2053 2992; x_wconf 83' lang='lat' dir='ltr'>Emericum</span> <span class='ocrx_word' id='word_1_151' title='bbox 2102 2927 2332 3009; x_wconf 82' lang='lat' dir='ltr'>filium</span> <span class='ocrx_word' id='word_1_152' title='bbox 2381 2927 2704 3013; x_wconf 81' lang='lat' dir='ltr'>Mathyae</span> <span class='ocrx_word' id='word_1_153' title='bbox 2734 2928 2886 3013; x_wconf 87' lang='lat' dir='ltr'>filii</span> <span class='ocrx_word' id='word_1_154' title='bbox 2933 2929 3121 2993; x_wconf 82' lang='lat' dir='ltr'>Mar-</span> 
     </span>
     <span class='ocr_line' id='line_1_21' title="bbox 567 3035 3124 3121; baseline 0 -21"><span class='ocrx_word' id='word_1_155' title='bbox 567 3037 707 3100; x_wconf 81' lang='lat' dir='ltr'>tini</span> <span class='ocrx_word' id='word_1_156' title='bbox 742 3035 896 3120; x_wconf 83' lang='lat' dir='ltr'>filii</span> <span class='ocrx_word' id='word_1_157' title='bbox 944 3037 1179 3101; x_wconf 87' lang='lat' dir='ltr'>Dezen</span> <span class='ocrx_word' id='word_1_158' title='bbox 1226 3057 1308 3100; x_wconf 86' lang='lat' dir='ltr'>ac</span> <span class='ocrx_word' id='word_1_159' title='bbox 1338 3036 1613 3120; x_wconf 81' lang='lat' dir='ltr'>fratres</span> <span class='ocrx_word' id='word_1_160' title='bbox 1658 3035 1967 3120; x_wconf 83' lang='lat' dir='ltr'>aliosque</span> <span class='ocrx_word' id='word_1_161' title='bbox 2011 3056 2178 3100; x_wconf 79' lang='lat' dir='ltr'>suos</span> <span class='ocrx_word' id='word_1_162' title='bbox 2223 3037 2767 3121; x_wconf 80' lang='lat' dir='ltr'>consangvineos</span> <span class='ocrx_word' id='word_1_163' title='bbox 2831 3036 2916 3100; x_wconf 86' lang='lat' dir='ltr'>ab</span> <span class='ocrx_word' id='word_1_164' title='bbox 2961 3057 3124 3115; x_wconf 84' lang='lat' dir='ltr'>una,</span> 
     </span>
     <span class='ocr_line' id='line_1_22' title="bbox 634 3141 3048 3227; baseline 0 -21"><span class='ocrx_word' id='word_1_165' title='bbox 634 3147 833 3227; x_wconf 79' lang='lat' dir='ltr'>parte</span> <span class='ocrx_word' id='word_1_166' title='bbox 874 3164 1033 3207; x_wconf 85' lang='lat' dir='ltr'>vero</span> <span class='ocrx_word' id='word_1_167' title='bbox 1080 3142 1163 3205; x_wconf 84' lang='lat' dir='ltr'>ab</span> <span class='ocrx_word' id='word_1_168' title='bbox 1208 3143 1428 3207; x_wconf 76' lang='lat' dir='ltr'>altera</span> <span class='ocrx_word' id='word_1_169' title='bbox 1474 3142 1801 3207; x_wconf 79' lang='lat' dir='ltr'>Blasium</span> <span class='ocrx_word' id='word_1_170' title='bbox 1846 3141 2271 3226; x_wconf 83' lang='lat' dir='ltr'>Mayhenych</span> <span class='ocrx_word' id='word_1_171' title='bbox 2316 3146 2604 3218; x_wconf 59' lang='lat' dir='ltr'>werten-3,</span> <span class='ocrx_word' id='word_1_172' title='bbox 2651 3141 2872 3206; x_wconf 85' lang='lat' dir='ltr'>dirim</span> <span class='ocrx_word' id='word_1_173' title='bbox 2882 3144 3048 3207; x_wconf 83' lang='lat' dir='ltr'>itur.</span> 
     </span>
    </p>
   </div>
   <div class='ocr_carea' id='block_1_7' title="bbox 566 3341 3122 3529">
    <p class='ocr_par' dir='ltr' id='par_1_8' title="bbox 566 3341 3122 3529">
     <span class='ocr_line' id='line_1_23' title="bbox 780 3341 3122 3422; baseline 0.001 -23"><span class='ocrx_word' id='word_1_174' title='bbox 780 3341 912 3399; x_wconf 88' lang='lat' dir='ltr'>Nos</span> <span class='ocrx_word' id='word_1_175' title='bbox 960 3341 1274 3421; x_wconf 89' lang='lat' dir='ltr'>Georgius</span> <span class='ocrx_word' id='word_1_176' title='bbox 1321 3341 1814 3422; x_wconf 87' lang='lat' dir='ltr'>Halgelsperger</span> <span class='ocrx_word' id='word_1_177' title='bbox 1860 3360 2073 3402; x_wconf 88' lang='lat' dir='ltr'>comes</span> <span class='ocrx_word' id='word_1_178' title='bbox 2119 3342 2349 3420; x_wconf 88' lang='lat' dir='ltr'>Campi</span> <span class='ocrx_word' id='word_1_179' title='bbox 2394 3342 2839 3422; x_wconf 83' lang='lat' dir='ltr'>Zagrabiensis</span> <span class='ocrx_word' id='word_1_180' title='bbox 2888 3362 2962 3402; x_wconf 91' lang='lat' dir='ltr'>ac</span> <span class='ocrx_word' id='word_1_181' title='bbox 2996 3343 3122 3402; x_wconf 90' lang='lat' dir='ltr'>Ge-</span> 
     </span>
     <span class='ocr_line' id='line_1_24' title="bbox 566 3447 3122 3529; baseline 0.001 -23"><span class='ocrx_word' id='word_1_182' title='bbox 566 3447 781 3527; x_wconf 81' lang='lat' dir='ltr'>orgius</span> <span class='ocrx_word' id='word_1_183' title='bbox 820 3448 980 3508; x_wconf 88' lang='lat' dir='ltr'>filius</span> <span class='ocrx_word' id='word_1_184' title='bbox 1013 3449 1220 3529; x_wconf 88' lang='lat' dir='ltr'>Egidii</span> <span class='ocrx_word' id='word_1_185' title='bbox 1268 3451 1345 3509; x_wconf 90' lang='lat' dir='ltr'>de</span> <span class='ocrx_word' id='word_1_186' title='bbox 1393 3449 1744 3509; x_wconf 88' lang='lat' dir='ltr'>Korilowcz</span> <span class='ocrx_word' id='word_1_187' title='bbox 1778 3469 1990 3510; x_wconf 90' lang='lat' dir='ltr'>comes</span> <span class='ocrx_word' id='word_1_188' title='bbox 2029 3451 2340 3510; x_wconf 88' lang='lat' dir='ltr'>terrestris</span> <span class='ocrx_word' id='word_1_189' title='bbox 2387 3450 2666 3510; x_wconf 81' lang='lat' dir='ltr'>eiusdem</span> <span class='ocrx_word' id='word_1_190' title='bbox 2715 3449 2943 3528; x_wconf 90' lang='lat' dir='ltr'>Campi</span> <span class='ocrx_word' id='word_1_191' title='bbox 2995 3469 3122 3509; x_wconf 86' lang='lat' dir='ltr'>me·</span> 
     </span>
    </p>
   </div>
   <div class='ocr_carea' id='block_1_8' title="bbox 482 3555 3216 3636">
    <p class='ocr_par' dir='ltr' id='par_1_9' title="bbox 482 3555 3216 3636">
     <span class='ocr_line' id='line_1_25' title="bbox 482 3555 3216 3636; baseline 0.001 -22"><span class='ocrx_word' id='word_1_192' title='bbox 482 3572 487 3578; x_wconf 87' lang='lat'>·</span> <span class='ocrx_word' id='word_1_193' title='bbox 566 3555 759 3615; x_wconf 88' lang='lat' dir='ltr'>morie</span> <span class='ocrx_word' id='word_1_194' title='bbox 808 3558 1323 3616; x_wconf 82' lang='lat' dir='ltr'>commendamus</span> <span class='ocrx_word' id='word_1_195' title='bbox 1370 3575 1482 3634; x_wconf 88' lang='lat' dir='ltr'>per</span> <span class='ocrx_word' id='word_1_196' title='bbox 1527 3566 1869 3635; x_wconf 75' lang='lat' dir='ltr'>presenteS,</span> <span class='ocrx_word' id='word_1_197' title='bbox 1918 3559 2086 3636; x_wconf 92' lang='lat' dir='ltr'>quod</span> <span class='ocrx_word' id='word_1_198' title='bbox 2132 3557 2311 3618; x_wconf 91' lang='lat' dir='ltr'>nobis</span> <span class='ocrx_word' id='word_1_199' title='bbox 2339 3557 2492 3617; x_wconf 85' lang='lat' dir='ltr'>feria</span> <span class='ocrx_word' id='word_1_200' title='bbox 2527 3559 2806 3618; x_wconf 89' lang='lat' dir='ltr'>secunda</span> <span class='ocrx_word' id='word_1_201' title='bbox 2839 3558 3121 3635; x_wconf 87' lang='lat' dir='ltr'>proxima</span> <span class='ocrx_word' id='word_1_202' title='bbox 3207 3599 3216 3606; x_wconf 85' lang='lat'><strong>·</strong></span> 
     </span>
    </p>
   </div>
   <div class='ocr_carea' id='block_1_9' title="bbox 561 3663 3203 5035">
    <p class='ocr_par' dir='ltr' id='par_1_10' title="bbox 561 3663 3203 5035">
     <span class='ocr_line' id='line_1_26' title="bbox 567 3663 3121 3744; baseline 0.001 -23"><span class='ocrx_word' id='word_1_203' title='bbox 567 3672 708 3722; x_wconf 89' lang='lat' dir='ltr'>ante</span> <span class='ocrx_word' id='word_1_204' title='bbox 756 3663 983 3722; x_wconf 75' lang='lat' dir='ltr'>festum</span> <span class='ocrx_word' id='word_1_205' title='bbox 1030 3664 1332 3725; x_wconf 88' lang='lat' dir='ltr'>kathedre</span> <span class='ocrx_word' id='word_1_206' title='bbox 1379 3664 1548 3724; x_wconf 85' lang='lat' dir='ltr'>beati</span> <span class='ocrx_word' id='word_1_207' title='bbox 1594 3665 1762 3725; x_wconf 88' lang='lat' dir='ltr'>Petri</span> <span class='ocrx_word' id='word_1_208' title='bbox 1825 3665 2105 3743; x_wconf 90' lang='lat' dir='ltr'>apostoli,</span> <span class='ocrx_word' id='word_1_209' title='bbox 2167 3686 2333 3725; x_wconf 90' lang='lat' dir='ltr'>nunc</span> <span class='ocrx_word' id='word_1_210' title='bbox 2393 3665 2672 3744; x_wconf 82' lang='lat' dir='ltr'>proxime</span> <span class='ocrx_word' id='word_1_211' title='bbox 2741 3665 3121 3744; x_wconf 86' lang='lat' dir='ltr'>preteritum,</span> 
     </span>
     <span class='ocr_line' id='line_1_27' title="bbox 565 3770 3120 3854; baseline 0.001 -24"><span class='ocrx_word' id='word_1_212' title='bbox 565 3770 628 3830; x_wconf 90' lang='lat' dir='ltr'>in</span> <span class='ocrx_word' id='word_1_213' title='bbox 674 3771 825 3830; x_wconf 85' lang='lat' dir='ltr'>sede</span> <span class='ocrx_word' id='word_1_214' title='bbox 872 3780 1088 3831; x_wconf 89' lang='lat' dir='ltr'>nostra</span> <span class='ocrx_word' id='word_1_215' title='bbox 1132 3770 1455 3832; x_wconf 88' lang='lat' dir='ltr'>iudiciaria</span> <span class='ocrx_word' id='word_1_216' title='bbox 1502 3772 1683 3833; x_wconf 89' lang='lat' dir='ltr'>solita</span> <span class='ocrx_word' id='word_1_217' title='bbox 1728 3772 2157 3852; x_wconf 87' lang='lat' dir='ltr'>Zagrabiensi,</span> <span class='ocrx_word' id='word_1_218' title='bbox 2205 3791 2476 3832; x_wconf 91' lang='lat' dir='ltr'>unacum</span> <span class='ocrx_word' id='word_1_219' title='bbox 2523 3774 2783 3854; x_wconf 85' lang='lat' dir='ltr'>egregio</span> <span class='ocrx_word' id='word_1_220' title='bbox 2833 3773 2964 3832; x_wconf 92' lang='lat' dir='ltr'>viro</span> <span class='ocrx_word' id='word_1_221' title='bbox 3013 3773 3120 3832; x_wconf 91' lang='lat' dir='ltr'>do-</span> 
     </span>
     <span class='ocr_line' id='line_1_28' title="bbox 568 3877 3121 3959; baseline 0.001 -22"><span class='ocrx_word' id='word_1_222' title='bbox 568 3878 733 3938; x_wconf 90' lang='lat' dir='ltr'>mino</span> <span class='ocrx_word' id='word_1_223' title='bbox 780 3879 1053 3940; x_wconf 87' lang='lat' dir='ltr'>Martino</span> <span class='ocrx_word' id='word_1_224' title='bbox 1086 3879 1511 3940; x_wconf 86' lang='lat' dir='ltr'>Kaczenderff</span> <span class='ocrx_word' id='word_1_225' title='bbox 1520 3877 1550 3954; x_wconf 88' lang='lat'>¹,</span> <span class='ocrx_word' id='word_1_226' title='bbox 1576 3880 1904 3958; x_wconf 83' lang='lat' dir='ltr'>capitaneo</span> <span class='ocrx_word' id='word_1_227' title='bbox 1933 3879 2182 3940; x_wconf 87' lang='lat' dir='ltr'>illustris</span> <span class='ocrx_word' id='word_1_228' title='bbox 2214 3880 2507 3959; x_wconf 88' lang='lat' dir='ltr'>principis</span> <span class='ocrx_word' id='word_1_229' title='bbox 2533 3889 2595 3940; x_wconf 91' lang='lat' dir='ltr'>et</span> <span class='ocrx_word' id='word_1_230' title='bbox 2624 3880 2855 3941; x_wconf 88' lang='lat' dir='ltr'>domini</span> <span class='ocrx_word' id='word_1_231' title='bbox 2890 3880 3121 3940; x_wconf 89' lang='lat' dir='ltr'>domini</span> 
     </span>
     <span class='ocr_line' id='line_1_29' title="bbox 564 3986 3120 4068; baseline 0.002 -24"><span class='ocrx_word' id='word_1_232' title='bbox 564 3986 781 4044; x_wconf 89' lang='lat' dir='ltr'>erici</span> <span class='ocrx_word' id='word_1_233' title='bbox 829 3986 927 4045; x_wconf 88' lang='lat' dir='ltr'>dei</span> <span class='ocrx_word' id='word_1_234' title='bbox 975 3987 1191 4066; x_wconf 86' lang='lat' dir='ltr'>gracia</span> <span class='ocrx_word' id='word_1_235' title='bbox 1237 3987 1415 4059; x_wconf 83' lang='lat' dir='ltr'>Cilic,</span> <span class='ocrx_word' id='word_1_236' title='bbox 1478 3987 1901 4068; x_wconf 87' lang='lat' dir='ltr'>Ortemburge</span> <span class='ocrx_word' id='word_1_237' title='bbox 1964 3988 2358 4068; x_wconf 88' lang='lat' dir='ltr'>Zagorieque</span> <span class='ocrx_word' id='word_1_238' title='bbox 2407 3998 2520 4048; x_wconf 90' lang='lat' dir='ltr'>etc.</span> <span class='ocrx_word' id='word_1_239' title='bbox 2585 3987 2828 4048; x_wconf 89' lang='lat' dir='ltr'>comitis</span> <span class='ocrx_word' id='word_1_240' title='bbox 2875 4007 3120 4048; x_wconf 89' lang='lat' dir='ltr'>necnon</span> 
     </span>
     <span class='ocr_line' id='line_1_30' title="bbox 569 4093 3124 4175; baseline 0.001 -23"><span class='ocrx_word' id='word_1_241' title='bbox 569 4093 749 4172; x_wconf 77' lang='lat' dir='ltr'>reg-ni</span> <span class='ocrx_word' id='word_1_242' title='bbox 793 4094 1125 4154; x_wconf 90' lang='lat' dir='ltr'>Sclauonie</span> <span class='ocrx_word' id='word_1_243' title='bbox 1172 4095 1336 4167; x_wconf 89' lang='lat' dir='ltr'>bani,</span> <span class='ocrx_word' id='word_1_244' title='bbox 1386 4095 1617 4154; x_wconf 88' lang='lat' dir='ltr'>domini</span> <span class='ocrx_word' id='word_1_245' title='bbox 1663 4095 1858 4154; x_wconf 88' lang='lat' dir='ltr'>nostri</span> <span class='ocrx_word' id='word_1_246' title='bbox 1903 4095 2191 4175; x_wconf 84' lang='lat' dir='ltr'>graciosi,</span> <span class='ocrx_word' id='word_1_247' title='bbox 2238 4115 2351 4173; x_wconf 88' lang='lat' dir='ltr'>per</span> <span class='ocrx_word' id='word_1_248' title='bbox 2398 4115 2540 4156; x_wconf 90' lang='lat' dir='ltr'>eum</span> <span class='ocrx_word' id='word_1_249' title='bbox 2589 4097 2648 4155; x_wconf 90' lang='lat' dir='ltr'>in</span> <span class='ocrx_word' id='word_1_250' title='bbox 2697 4096 2946 4156; x_wconf 88' lang='lat' dir='ltr'>civitate</span> <span class='ocrx_word' id='word_1_251' title='bbox 3008 4115 3124 4155; x_wconf 86' lang='lat' dir='ltr'>sua</span> 
     </span>
     <span class='ocr_line' id='line_1_31' title="bbox 566 4199 3122 4280; baseline 0.001 -21"><span class='ocrx_word' id='word_1_252' title='bbox 566 4199 1124 4280; x_wconf 86' lang='lat' dir='ltr'>Montisgrecensis</span> <span class='ocrx_word' id='word_1_253' title='bbox 1190 4201 1269 4260; x_wconf 91' lang='lat' dir='ltr'>de</span> <span class='ocrx_word' id='word_1_254' title='bbox 1334 4201 1507 4261; x_wconf 87' lang='lat' dir='ltr'>iuxta</span> <span class='ocrx_word' id='word_1_255' title='bbox 1567 4201 1947 4280; x_wconf 79' lang='lat' dir='ltr'>Zagrabiam</span> <span class='ocrx_word' id='word_1_256' title='bbox 2012 4201 2362 4277; x_wconf 81' lang='lat' dir='ltr'>constitute,</span> <span class='ocrx_word' id='word_1_257' title='bbox 2421 4212 2482 4263; x_wconf 88' lang='lat' dir='ltr'>et</span> <span class='ocrx_word' id='word_1_258' title='bbox 2542 4223 2683 4263; x_wconf 90' lang='lat' dir='ltr'>cum</span> <span class='ocrx_word' id='word_1_259' title='bbox 2747 4203 2935 4263; x_wconf 90' lang='lat' dir='ltr'>nobili</span> <span class='ocrx_word' id='word_1_260' title='bbox 2991 4203 3122 4263; x_wconf 85' lang='lat' dir='ltr'>viro</span> 
     </span>
     <span class='ocr_line' id='line_1_32' title="bbox 564 4308 3120 4390; baseline 0.002 -24"><span class='ocrx_word' id='word_1_261' title='bbox 564 4308 835 4368; x_wconf 88' lang='lat' dir='ltr'>Seboldo</span> <span class='ocrx_word' id='word_1_262' title='bbox 884 4309 1125 4384; x_wconf 90' lang='lat' dir='ltr'>Mayar,</span> <span class='ocrx_word' id='word_1_263' title='bbox 1174 4308 1328 4368; x_wconf 85' lang='lat' dir='ltr'>alias</span> <span class='ocrx_word' id='word_1_264' title='bbox 1361 4309 1587 4368; x_wconf 90' lang='lat' dir='ltr'>comite</span> <span class='ocrx_word' id='word_1_265' title='bbox 1634 4309 1895 4387; x_wconf 89' lang='lat' dir='ltr'>predicti</span> <span class='ocrx_word' id='word_1_266' title='bbox 1942 4310 2170 4388; x_wconf 90' lang='lat' dir='ltr'>Campi</span> <span class='ocrx_word' id='word_1_267' title='bbox 2218 4311 2680 4390; x_wconf 83' lang='lat' dir='ltr'>ZagrabiensiS,</span> <span class='ocrx_word' id='word_1_268' title='bbox 2715 4330 2789 4370; x_wconf 89' lang='lat' dir='ltr'>ac</span> <span class='ocrx_word' id='word_1_269' title='bbox 2823 4330 2966 4371; x_wconf 91' lang='lat' dir='ltr'>cum</span> <span class='ocrx_word' id='word_1_270' title='bbox 2990 4312 3120 4389; x_wconf 91' lang='lat' dir='ltr'>plu-</span> 
     </span>
     <span class='ocr_line' id='line_1_33' title="bbox 566 4414 3114 4497; baseline 0.002 -23"><span class='ocrx_word' id='word_1_271' title='bbox 566 4415 734 4474; x_wconf 87' lang='lat' dir='ltr'>ribus</span> <span class='ocrx_word' id='word_1_272' title='bbox 768 4414 945 4496; x_wconf 88' lang='lat' dir='ltr'>regni</span> <span class='ocrx_word' id='word_1_273' title='bbox 979 4424 1041 4475; x_wconf 92' lang='lat' dir='ltr'>et</span> <span class='ocrx_word' id='word_1_274' title='bbox 1072 4414 1298 4495; x_wconf 88' lang='lat' dir='ltr'>Campi</span> <span class='ocrx_word' id='word_1_275' title='bbox 1330 4417 1590 4494; x_wconf 77' lang='lat' dir='ltr'>predicfi</span> <span class='ocrx_word' id='word_1_276' title='bbox 1615 4417 1939 4492; x_wconf 81' lang='lat' dir='ltr'>nobilibuS,</span> <span class='ocrx_word' id='word_1_277' title='bbox 1974 4437 2216 4478; x_wconf 82' lang='lat' dir='ltr'>necnon</span> <span class='ocrx_word' id='word_1_278' title='bbox 2250 4438 2391 4477; x_wconf 91' lang='lat' dir='ltr'>cum</span> <span class='ocrx_word' id='word_1_279' title='bbox 2426 4419 2560 4478; x_wconf 89' lang='lat' dir='ltr'>aliis</span> <span class='ocrx_word' id='word_1_280' title='bbox 2593 4419 2870 4496; x_wconf 90' lang='lat' dir='ltr'>pluribus</span> <span class='ocrx_word' id='word_1_281' title='bbox 2902 4417 3114 4497; x_wconf 85' lang='lat' dir='ltr'>probis</span> 
     </span>
     <span class='ocr_line' id='line_1_34' title="bbox 566 4522 3123 4604; baseline 0.001 -21"><span class='ocrx_word' id='word_1_282' title='bbox 566 4531 627 4583; x_wconf 86' lang='lat' dir='ltr'>et</span> <span class='ocrx_word' id='word_1_283' title='bbox 674 4523 951 4584; x_wconf 87' lang='lat' dir='ltr'>honestis</span> <span class='ocrx_word' id='word_1_284' title='bbox 1000 4522 1162 4597; x_wconf 83' lang='lat' dir='ltr'>viriS,</span> <span class='ocrx_word' id='word_1_285' title='bbox 1214 4525 1638 4584; x_wconf 85' lang='lat' dir='ltr'>assessoribus</span> <span class='ocrx_word' id='word_1_286' title='bbox 1671 4525 1958 4586; x_wconf 89' lang='lat' dir='ltr'>videlicet</span> <span class='ocrx_word' id='word_1_287' title='bbox 2007 4527 2232 4585; x_wconf 90' lang='lat' dir='ltr'>nostris</span> <span class='ocrx_word' id='word_1_288' title='bbox 2282 4527 2606 4586; x_wconf 91' lang='lat' dir='ltr'>nobiscum</span> <span class='ocrx_word' id='word_1_289' title='bbox 2638 4526 2700 4586; x_wconf 88' lang='lat' dir='ltr'>in</span> <span class='ocrx_word' id='word_1_290' title='bbox 2732 4527 2959 4586; x_wconf 88' lang='lat' dir='ltr'>iudicio</span> <span class='ocrx_word' id='word_1_291' title='bbox 3011 4546 3123 4604; x_wconf 77' lang='lat' dir='ltr'>pro</span> 
     </span>
     <span class='ocr_line' id='line_1_35' title="bbox 561 4628 3203 4713; baseline 0.001 -24"><span class='ocrx_word' id='word_1_292' title='bbox 561 4629 852 4690; x_wconf 87' lang='lat' dir='ltr'>tribunali</span> <span class='ocrx_word' id='word_1_293' title='bbox 897 4631 1081 4709; x_wconf 84' lang='lat' dir='ltr'>pleno</span> <span class='ocrx_word' id='word_1_294' title='bbox 1128 4628 1487 4692; x_wconf 89' lang='lat' dir='ltr'>sedentibus</span> <span class='ocrx_word' id='word_1_295' title='bbox 1536 4652 1887 4711; x_wconf 88' lang='lat' dir='ltr'>causasque</span> <span class='ocrx_word' id='word_1_296' title='bbox 1944 4642 2307 4692; x_wconf 90' lang='lat' dir='ltr'>cunctorum</span> <span class='ocrx_word' id='word_1_297' title='bbox 2373 4653 2586 4692; x_wconf 88' lang='lat' dir='ltr'>coram</span> <span class='ocrx_word' id='word_1_298' title='bbox 2649 4633 2828 4694; x_wconf 89' lang='lat' dir='ltr'>nobis</span> <span class='ocrx_word' id='word_1_299' title='bbox 2876 4633 3121 4713; x_wconf 85' lang='lat' dir='ltr'>litigan·</span> <span class='ocrx_word' id='word_1_300' title='bbox 3195 4691 3203 4701; x_wconf 80' lang='grc'><em>,</em></span> 
     </span>
     <span class='ocr_line' id='line_1_36' title="bbox 566 4737 3120 4814; baseline 0.001 -17"><span class='ocrx_word' id='word_1_301' title='bbox 566 4738 727 4797; x_wconf 90' lang='lat' dir='ltr'>cium</span> <span class='ocrx_word' id='word_1_302' title='bbox 778 4739 938 4798; x_wconf 89' lang='lat' dir='ltr'>iusto</span> <span class='ocrx_word' id='word_1_303' title='bbox 985 4737 1133 4798; x_wconf 90' lang='lat' dir='ltr'>iuris</span> <span class='ocrx_word' id='word_1_304' title='bbox 1180 4739 1427 4800; x_wconf 89' lang='lat' dir='ltr'>tramite</span> <span class='ocrx_word' id='word_1_305' title='bbox 1476 4740 1974 4814; x_wconf 80' lang='lat' dir='ltr'>discucientibuS,</span> <span class='ocrx_word' id='word_1_306' title='bbox 2022 4741 2243 4800; x_wconf 89' lang='lat' dir='ltr'>nobilis</span> <span class='ocrx_word' id='word_1_307' title='bbox 2279 4741 2370 4800; x_wconf 88' lang='lat' dir='ltr'>vir</span> <span class='ocrx_word' id='word_1_308' title='bbox 2416 4741 2739 4800; x_wconf 81' lang='lat' dir='ltr'>Emericus</span> <span class='ocrx_word' id='word_1_309' title='bbox 2775 4743 2934 4801; x_wconf 86' lang='lat' dir='ltr'>filius</span> <span class='ocrx_word' id='word_1_310' title='bbox 2985 4743 3120 4800; x_wconf 88' lang='lat' dir='ltr'>Ma-</span> 
     </span>
     <span class='ocr_line' id='line_1_37' title="bbox 564 4845 3122 4927; baseline 0.002 -24"><span class='ocrx_word' id='word_1_311' title='bbox 564 4845 711 4921; x_wconf 85' lang='lat' dir='ltr'>thye</span> <span class='ocrx_word' id='word_1_312' title='bbox 760 4845 865 4904; x_wconf 87' lang='lat' dir='ltr'>filii</span> <span class='ocrx_word' id='word_1_313' title='bbox 912 4845 1163 4905; x_wconf 88' lang='lat' dir='ltr'>Martini</span> <span class='ocrx_word' id='word_1_314' title='bbox 1212 4847 1316 4906; x_wconf 85' lang='lat' dir='ltr'>filii</span> <span class='ocrx_word' id='word_1_315' title='bbox 1366 4847 1595 4922; x_wconf 80' lang='lat' dir='ltr'>Dezen,</span> <span class='ocrx_word' id='word_1_316' title='bbox 1643 4848 1847 4907; x_wconf 87' lang='lat' dir='ltr'>fratris</span> <span class='ocrx_word' id='word_1_317' title='bbox 1895 4847 2192 4926; x_wconf 87' lang='lat' dir='ltr'>patruelis</span> <span class='ocrx_word' id='word_1_318' title='bbox 2254 4849 2581 4927; x_wconf 86' lang='lat' dir='ltr'>propinqui</span> <span class='ocrx_word' id='word_1_319' title='bbox 2630 4850 2894 4908; x_wconf 88' lang='lat' dir='ltr'>condam</span> <span class='ocrx_word' id='word_1_320' title='bbox 2949 4849 3122 4908; x_wconf 87' lang='lat' dir='ltr'>Pauli</span> 
     </span>
     <span class='ocr_line' id='line_1_38' title="bbox 566 4950 3122 5035; baseline 0.002 -25"><span class='ocrx_word' id='word_1_321' title='bbox 566 4950 712 5010; x_wconf 86' lang='lat' dir='ltr'>dicti</span> <span class='ocrx_word' id='word_1_322' title='bbox 774 4953 977 5035; x_wconf 86' lang='lat' dir='ltr'>Wrag</span> <span class='ocrx_word' id='word_1_323' title='bbox 1038 4953 1117 5012; x_wconf 92' lang='lat' dir='ltr'>de</span> <span class='ocrx_word' id='word_1_324' title='bbox 1182 4953 1457 5018; x_wconf 86' lang='lat' dir='ltr'>Inferiori</span> <span class='ocrx_word' id='word_1_325' title='bbox 1516 4955 1910 5035; x_wconf 87' lang='lat' dir='ltr'>Lompnicza‚</span> <span class='ocrx_word' id='word_1_326' title='bbox 1983 4956 2044 5014; x_wconf 91' lang='lat' dir='ltr'>in</span> <span class='ocrx_word' id='word_1_327' title='bbox 2109 4973 2225 5014; x_wconf 89' lang='lat' dir='ltr'>sua</span> <span class='ocrx_word' id='word_1_328' title='bbox 2291 4963 2353 5014; x_wconf 90' lang='lat' dir='ltr'>et</span> <span class='ocrx_word' id='word_1_329' title='bbox 2415 4955 2666 5015; x_wconf 85' lang='lat' dir='ltr'>Martini</span> <span class='ocrx_word' id='word_1_330' title='bbox 2730 4974 2805 5015; x_wconf 91' lang='lat' dir='ltr'>ac</span> <span class='ocrx_word' id='word_1_331' title='bbox 2861 4956 3122 5016; x_wconf 84' lang='lat' dir='ltr'>Fabiani</span> 
     </span>
    </p>
   </div>
  </div>
 </body>
</html>
