3917 5592
816 451 950 516 234

1033 866 1217 926 Anno
1275 862 1459 924 1431.
1516 862 1609 924 ll.
1659 861 1880 922 martii.
1926 860 2298 940 Zagrabiae.

819 1059 1070 1125 Coram
1118 1057 1460 1142 Stephano
1496 1055 1659 1141 filio
1714 1056 1895 1120 Pedk
1939 1055 2022 1119 de
2069 1052 2446 1129 Lokauech,
2493 1052 2741 1116 comite
2771 1052 3089 1115 terrestri
3126 1048 3376 1132 Campi

812 1165 1325 1250 Zagrabiensis‘,
1368 1163 1669 1228 Michael
1718 1168 1925 1246 nepos
1971 1166 2037 1226 et
2083 1161 2360 1244 Endrey
2397 1157 2607 1243 filius
2657 1158 2886 1222 Kusse
2934 1157 3016 1220 de
3055 1155 3376 1232 Goricza,

808 1273 1145 1360 quasdam
1178 1275 1403 1337 terras
1446 1291 1635 1348 sua-5²,
1666 1291 1908 1335 novem
1926 1268 2232 1354 florenis
2275 1266 2570 1332 Thomae
2589 1265 2752 1350 filio
2785 1265 2980 1329 Iwan
3010 1264 3093 1329 de
3118 1263 3372 1340 eadem,

1930 1377 2254 1443 vendunt.

1025 1579 1158 1639 Nos
1206 1577 1563 1656 Stephanus
1608 1575 1771 1636 filius
1819 1577 1995 1636 Pedk
2043 1575 2121 1635 de
2154 1575 2492 1634 Lokauech
2541 1591 2752 1633 comes
2799 1570 3110 1632 terrestris
3144 1570 3371 1648 Campi

816 1685 1267 1768 Zagrabiensis
1315 1685 1614 1745 memorie
1663 1684 2177 1744 commendamus
2225 1691 2440 1743 tenore
2489 1680 2883 1760 presencium
2915 1673 3372 1760 significamus¹

811 1795 1034 1874 quibus
1082 1793 1331 1871 expedit
1392 1791 1717 1866 universiS,
1764 1793 1931 1870 quod
1979 1791 2252 1851 Michael
2312 1791 2474 1851 filius
2539 1790 2830 1872 Gregorii
2878 1790 2986 1851 filii
3049 1789 3257 1847 Kusse
3305 1794 3368 1846 et

811 1903 1063 1978 Endrey
1086 1901 1247 1960 filius
1275 1898 1554 1959 eiusdem
1580 1899 1806 1972 Kusse,
1830 1906 2090 1976 patruus
2116 1899 2351 1958 scilicet
2374 1898 2567 1977 ipsius
2591 1898 2936 1972 Michaelis,
2965 1895 3202 1956 nobiles
3226 1893 3374 1954 dicti

813 2009 1039 2088 Campi
1085 2007 1532 2088 Zagrabiensis
1580 2007 1659 2066 de
1692 2005 1979 2080 Goricza,
2025 2005 2089 2065 in
2138 2025 2254 2066 sua
2289 2015 2352 2066 et
2383 2007 2818 2066 universorum
2861 2005 3123 2064 fratrum
3168 2001 3371 2080 proxi-

810 2135 1072 2192 morum,
1121 2114 1402 2176 affinium
1464 2120 1527 2173 et
1592 2114 2201 2194 consangvineorum
2267 2133 2522 2174 suorum
2585 2113 2887 2193 personiS,
2951 2110 3031 2172 ad
3093 2118 3370 2170 nostram

810 2225 1120 2285 veniendo
1183 2222 1594 2301 presenciam,
1654 2221 1923 2281 confessi
1988 2230 2134 2282 sunt
2179 2241 2396 2282 eorum
2458 2221 2600 2281 vive
2667 2221 2839 2281 vocis
2905 2217 3246 2279 ministerio
3307 2217 3370 2276 in

817 2333 983 2392 hunc
1028 2331 1302 2404 modum,
1366 2338 1434 2390 ut
1480 2329 1599 2409 ipsi
1645 2330 1953 2407 quasdam
2001 2339 2202 2390 terras
2250 2349 2466 2389 eorum
2516 2329 2800 2402 arabileS,
2847 2347 3038 2388 unam
3085 2324 3372 2385 videlicet

809 2440 969 2499 inter
1032 2446 1233 2498 terras
1297 2445 1361 2496 et
1423 2436 1860 2514 possessiones
1907 2437 2118 2497 Iacobi
2179 2437 2287 2497 filii
2332 2438 2518 2510 Petri,
2583 2437 2728 2497 olim
2791 2435 3069 2495 similiter
3116 2430 3368 2493 comitis

812 2545 1123 2607 terrestris
1171 2545 1318 2605 dicti
1365 2543 1595 2622 Campi
1639 2544 2105 2624 ZagrabiensiS,
2153 2544 2260 2605 filii
2307 2545 2584 2626 Georgii,
2633 2565 2709 2605 ac
2754 2546 2810 2604 T
2813 2545 2996 2604 home
3044 2541 3151 2602 filii
3196 2541 3368 2599 Iwan

810 2663 873 2716 et
932 2655 1089 2730 Elye
1150 2653 1258 2712 filii
1305 2651 1613 2726 Iohannis,
1680 2671 1925 2712 necnon
1992 2653 2172 2713 Pauli
2232 2662 2295 2713 et
2348 2654 2650 2734 Stephani
2715 2654 2982 2714 filiorum
3047 2651 3368 2712 Benedicti

810 2761 916 2822 filii
962 2761 1092 2820 Ielk
1140 2779 1217 2819 ac
1279 2758 1579 2818 Anthonii
1626 2767 1690 2818 et
1734 2759 1904 2819 Luce
1952 2759 2219 2820 filiorum
2275 2761 2528 2821 alterius
2591 2762 2882 2821 Iohannis
2943 2761 3240 2834 habitam,
3287 2760 3369 2819 ad

808 2867 1107 2928 tredecim
1167 2885 1307 2927 cum
1382 2865 1589 2926 media
1651 2884 1980 2926 mensuras
2026 2866 2088 2926 in
2134 2868 2359 2948 wlgari
2419 2869 2570 2929 meti
2631 2870 2976 2948 appellatas
3024 2887 3093 2928 se
3155 2876 3365 2928 exten-

812 2976 1082 3048 dentem,
1131 2992 1207 3033 ac
1254 2972 1439 3032 aliam
1496 2972 1774 3032 similiter
1818 2981 2053 3032 terram
2116 2975 2432 3049 arabilem,
2481 2975 2640 3036 inter
2685 2985 2885 3036 terras
2929 2976 3126 3036 Iwani
3189 2973 3366 3047 fabri,

806 3083 918 3143 filii
964 3081 1211 3142 Nicolai
1254 3080 1363 3141 filii
1422 3081 1647 3140 Petrus
1695 3089 1759 3140 et
1804 3079 2148 3140 Clementis
2207 3079 2314 3142 filii
2359 3083 2581 3144 Briccii
2643 3084 2751 3144 filii
2797 3084 3078 3144 eiusdem
3142 3084 3364 3144 Petrus

806 3198 868 3250 et
915 3187 1138 3267 prefati
1184 3188 1339 3266 Elye
1386 3187 1495 3247 filii
1547 3187 1742 3265 ipsius
1789 3187 2083 3246 Iohannis
2143 3188 2251 3249 filii
2299 3190 2446 3249 dicti
2490 3191 2618 3250 Ielk
2682 3199 2744 3250 et
2804 3191 3197 3270 quorundam
3253 3189 3363 3248 ho-

814 3297 1051 3358 minum
1099 3296 1177 3356 de
1207 3295 1514 3372 Chychan
1562 3295 1764 3370 sitam,
1814 3296 1896 3354 ad
1928 3304 2197 3374 quatuor
2229 3316 2371 3357 cum
2418 3298 2624 3359 media
2653 3319 2999 3373 mensuraS,
3045 3296 3369 3378 wlgariter

801 3413 970 3483 mety
1018 3405 1217 3482 dictas
1264 3423 1335 3463 se
1382 3403 1821 3477 continentem,
1892 3403 1972 3463 de
2022 3423 2350 3480 consensu,
2421 3406 2831 3485 permissione
2879 3405 3112 3484 pariter
3158 3412 3220 3464 et
3266 3423 3365 3464 as-

804 3532 1011 3586 sensu,
1058 3512 1349 3589 bonaque
1398 3518 1460 3570 et
1506 3518 1854 3588 spontanea
1900 3511 2222 3571 voluntate
2287 3512 2460 3572 Iwko
2506 3512 2615 3573 filii
2658 3514 2885 3588 Iacow,
2935 3520 2997 3574 et
3041 3510 3366 3572 Benedicti

804 3639 879 3680 ac
940 3619 1141 3678 Marci
1219 3618 1484 3677 filiorum
1554 3617 1749 3695 ipsius
1804 3617 1978 3677 Iwko
2041 3637 2283 3678 necnon
2344 3627 2693 3679 ceterorum
2748 3620 3024 3680 omnium
3084 3620 3362 3690 fratrum,

808 3727 1085 3788 affinium
1156 3733 1218 3785 et
1266 3724 1893 3804 consangwineorum
1960 3744 2232 3800 suorum,
2280 3736 2626 3788 memorato
2691 3729 2934 3788 Thome
2980 3728 3106 3788 filio
3169 3724 3362 3805 ipsius

802 3838 973 3895 lwan
1034 3835 1112 3894 de
1161 3833 1328 3893 dicta
1390 3831 1660 3892 Goricza
1719 3840 1781 3892 et
1842 3831 1973 3892 suis
2036 3833 2388 3905 heredibus,
2448 3854 2560 3913 pro
2605 3824 2856 3895 'novem
2917 3835 3170 3895 florenis
3227 3833 3362 3893 auri

799 3942 955 4022 puri,
1002 3941 1149 4001 boni
1196 3949 1259 3999 et
1305 3939 1449 3999 iusti
1494 3938 1808 4018 ponderiS,
1855 3958 1970 4017 per
2017 3940 2286 4000 eundem
2335 3942 2646 4002 Thomam
2709 3943 3021 4002 annotatis
3066 3940 3361 4017 Michaeli

802 4057 863 4109 et
910 4048 1181 4124 Endrey,
1229 4054 1415 4124 prout
1468 4045 1655 4105 iidem
1700 4046 1881 4106 nobis
1948 4047 2304 4122 retulerunt,
2351 4047 2476 4107 iam
2523 4050 2706 4126 plene
2752 4049 3082 4128 persolutis
3145 4048 3359 4109 vendi-

806 4157 1061 4228 dissent,
1122 4153 1526 4213 tradidissent
1574 4161 1635 4213 et
1694 4153 2143 4233 assignassent,
2209 4143 2420 4231 ymmo
2483 4156 2912 4230 vendiderunt,
2974 4156 3361 4216 tradiderunt

807 4273 870 4324 et
918 4264 1321 4344 assignarunt
1368 4281 1580 4321 coram
1628 4262 1807 4322 nobis
1839 4263 1974 4322 iure
2021 4273 2322 4343 perpetuo
2356 4274 2418 4325 et
2448 4265 2934 4326 irrevocabiliter
2965 4267 3361 4345 posidendaS,

804 4371 1111 4431 tenendas
1156 4369 1390 4448 pariter
1422 4377 1484 4428 et
1514 4369 1838 4429 habendas
1884 4372 1984 4429 vel
2018 4372 2581 4452 quomodocunque
2632 4373 2893 4433 voluerit
2920 4373 3359 4452 disponendas

802 4479 871 4537 ln
936 4477 1113 4540 cuius
1178 4477 1268 4537 rei
1330 4476 1700 4535 memoriam
1762 4476 2244 4556 firmitatemque
2310 4488 2698 4558 perpetuam,
2762 4489 3088 4559 presentes
3149 4480 3360 4539 literas

805 4594 1053 4645 nostras
1100 4583 1520 4664 privilegiales
1585 4592 1797 4643 nostro
1844 4585 2140 4662 pendenti
2189 4587 2392 4666 sigillo
2459 4589 2802 4661 roborataS,
2851 4589 3055 4648 eidem
3117 4589 3358 4646 Thome

804 4692 1091 4752 duximus
1155 4692 1609 4751 concedendas.
1670 4691 1900 4751 Datum
1949 4694 2280 4772 Zagrabie,
2329 4693 2480 4754 feria
2531 4696 2808 4756 secunda
2870 4696 3150 4774 proxima
3214 4701 3358 4752 ante

802 4800 1031 4858 festum
1092 4799 1261 4860 beati
1325 4799 1615 4878 Gregorii
1678 4819 1839 4877 pape
1905 4809 2093 4879 atque
2143 4803 2431 4874 doctoriS,
2501 4821 2665 4862 anno
2735 4802 2970 4862 domini
3031 4801 3359 4862 millesimo

806 4905 1421 4985 quadringentesimo
1469 4905 1781 4964 tricesimo
1828 4906 2044 4983 primO.
