3917 5592
2944 370 2955 377 '
3050 394 3183 455 283

839 610 1124 681 Originale
1175 612 1622 676 membraneum,
1659 609 1942 679 appendet
1994 624 2140 662 zona
2188 608 2403 663 sericea
2460 607 2590 662 flavi
2640 592 2695 660 et
2731 606 2927 662 viridis
2980 607 3185 661 coloris

622 704 842 771 absque,
875 700 1075 770 sigillo.
1117 701 1174 753 In
1215 700 1357 754 cista
1395 699 1818 753 communitatis
1859 698 2133 751 nobilium
2176 698 2245 751 de
2284 698 2445 751 lnt'er.
2485 697 2771 750 Lomnica.

831 864 843 892 ¹
881 862 978 917 sic.
1057 864 1074 891 ²
1113 862 1196 915 sic
1235 858 1398 931 (per).

825 1366 1007 1425 Anno
1063 1362 1246 1424 1447.
1306 1363 1398 1423 12.
1447 1364 1616 1437 iunii,

624 1577 874 1641 Coram
924 1576 1228 1660 capitulo
1260 1575 1580 1639 ecclesiae
1602 1573 2117 1660 Zagrabiensis‚
2151 1574 2438 1639 domina
2471 1574 2693 1639 Elena
2714 1572 2880 1659 filia
2912 1573 3189 1658 Mathey

622 1684 706 1749 de
753 1684 1162 1758 Korilowcz,
1230 1686 1556 1769 quartam
1616 1703 1819 1746 suam
1863 1681 2247 1766 puellarem
2313 1682 2392 1746 in
2441 1688 2683 1767 campo
2728 1682 3191 1767 possessionis

625 1793 1020 1857 Korilowcz
1065 1793 1481 1870 existentem,
1529 1811 1650 1854 sex
1679 1790 1987 1875 florenis
2030 1790 2217 1865 auri,
2274 1788 2577 1875 Georgio
2613 1787 2775 1874 filio
2821 1789 3077 1874 Egidii
3111 1789 3193 1853 de

625 1900 881 1979 ea'dem,
929 1900 1172 1964 comiti
1196 1898 1515 1963 terrestri
1544 1896 1792 1981 Campi
1824 1896 2340 1981 Zagrabiensis,
2380 1896 2667 1982 eiusque
2702 1894 2909 1981 filiis,
2937 1896 3193 1975 vendit,

837 2118 969 2177 Nos
1016 2116 1350 2194 capitulum
1385 2114 1647 2175 ecclesie
1701 2113 2149 2194 Zagrabiensis
2195 2122 2410 2173 notum
2466 2112 2729 2172 facimus
2785 2120 3002 2172 tenore
3049 2132 3190 2190 pre-

623 2225 900 2285 sencium
947 2224 1172 2303 quibus
1221 2223 1473 2301 expedit
1521 2221 1846 2295 universiS,
1895 2222 2065 2301 quod
2109 2220 2332 2281 nobilis
2394 2222 2647 2280 domina
2694 2220 2892 2280 Elena
2948 2228 3190 2294 vocata,

619 2332 750 2393 filia
795 2333 1064 2392 condam
1109 2331 1371 2407 Mathey
1420 2331 1497 2390 de
1545 2330 1916 2405 Korilowcz,
1965 2330 2044 2389 de
2092 2328 2225 2389 cuis
2272 2328 2585 2407 personali
2632 2326 2863 2387 noticia
2931 2327 3187 2387 Marcus

619 2440 782 2500 filius
828 2438 1118 2498 Iohannis
1166 2438 1246 2497 de
1293 2438 1704 2512 Vrbanowcz,
1765 2436 1990 2497 nobilis
2054 2435 2391 2496 castrensis
2454 2434 2681 2513 Campi
2742 2433 3191 2514 Zagrabiensis

622 2563 737 2605 nos
786 2544 1191 2617 assecuravit,
1239 2544 1301 2603 in
1349 2564 1466 2603 sua
1515 2563 1589 2604 ac
1637 2543 1915 2603 similiter
1959 2541 2185 2603 nobilis
2232 2541 2483 2603 domine
2530 2542 2751 2622 Agnes
2798 2548 3042 2615 vocate,
3090 2556 3187 2600 so-

618 2651 774 2710 roris
833 2669 946 2710 sue
995 2649 1264 2710 carnalis
1314 2651 1391 2709 de
1441 2651 1682 2724 eadem,
1730 2648 2084 2709 nominibus
2133 2656 2196 2709 et
2239 2647 2303 2708 in
2349 2647 2654 2727 personiS,
2703 2646 2879 2705 cuius
2926 2664 3084 2705 onus
3132 2653 3195 2706 et

625 2776 973 2838 gravamen
1038 2776 1153 2836 per
1214 2757 1425 2817 omnia
1489 2757 1552 2817 in
1599 2776 1668 2817 se
1717 2756 1918 2835 ipsam
1983 2756 2380 2830 assumendO,
2442 2763 2720 2815 nostram
2783 2750 3192 2832 personaliter

622 2864 884 2925 veniens
931 2864 993 2923 in
1040 2863 1450 2942 presenciam,
1497 2864 1640 2924 vive
1672 2863 1847 2923 vocis
1896 2882 2009 2924 sue
2056 2861 2397 2923 ministerio
2446 2861 2736 2921 confessa
2784 2868 2882 2919 est
2925 2859 2988 2919 in
3024 2860 3189 2919 hunc

626 2974 900 3046 modum,
949 2975 1117 3052 quod
1164 2972 1301 3052 ipsa
1329 2973 1586 3032 totalem
1617 2971 1981 3052 porcionem
2019 2980 2238 3049 quarte
2283 2969 2597 3050 puellaris,
2630 2970 2829 3047 ipsam
2864 2976 2927 3029 et
2959 2968 3188 3028 dictam

622 3076 897 3141 sorore'm
947 3100 1129 3141 suam
1177 3088 1674 3153 concementem,
1722 3098 1843 3157 que
1892 3079 2064 3137 iuxta
2111 3078 2291 3158 regni
2361 3060 2873 3138 consvetudinem
2942 3075 3177 3135 eisdem

627 3187 883 3247 iuridice
913 3187 1224 3262 cessisset,
1256 3196 1409 3266 puta
1440 3206 1632 3246 unam
1659 3186 2001 3247 sessionem
2038 3184 2346 3264 integram
2372 3184 2706 3244 habentem
2732 3184 2793 3243 in
2823 3202 2893 3244 se
2925 3183 3183 3243 terciam

628 3276 944 3353 dimidiam
995 3312 1324 3353 mensuras
1371 3302 1534 3354 terre
1581 3292 1902 3373 wlgariter
1929 3290 2145 3351 methii
2182 3298 2458 3365 vocataS,
2490 3290 2553 3350 in
2585 3290 2898 3351 vicinitate
2924 3286 3186 3370 Georgii

627 3400 737 3459 filii
781 3400 989 3480 Egidii
1053 3400 1118 3459 in
1184 3402 1408 3461 eadem
1469 3400 1826 3459 Korilowch
1889 3398 2186 3471 habitam,
2252 3398 2581 3457 duodecim
2643 3416 2970 3457 mensuras
3020 3405 3184 3458 terre
3266 3394 3271 3397 ’

627 3507 878 3567 arabilis
926 3507 1140 3567 methii
1185 3506 1502 3587 wlgariter
1550 3507 1914 3585 appellataS,
1961 3506 2024 3565 in
2073 3524 2297 3583 campo
2345 3504 2507 3564 dicte
2540 3504 2955 3582 possessionis
3002 3503 3181 3563 Kori-

619 3616 835 3688 lowcz,
899 3615 960 3674 in
1007 3613 1324 3674 vicinitate
1386 3622 1692 3673 terrarum
1755 3613 2083 3673 arabilium
2146 3613 2424 3671 eiusdem
2484 3610 2747 3691 Georgii
2806 3611 2914 3671 filii
2973 3611 3180 3691 Egidii

619 3722 1083 3800 possidendam,
1155 3740 1294 3781 cum
1367 3721 1654 3780 omnibus
1726 3721 1889 3780 dicte
1960 3720 2167 3779 totalis
2236 3718 2547 3797 porcionis
2616 3718 2892 3797 ipsarum
2962 3726 3181 3795 quarte

619 3828 914 3906 puellaris
961 3828 1324 3888 utilitatibus
1373 3838 1435 3888 et
1479 3827 1877 3905 pertinenciis
1924 3826 2252 3898 universiS,
2301 3826 2521 3903 quovis
2568 3825 2835 3885 nominis
2873 3824 3180 3884 vocabulo

623 3937 930 4009 vocitatis,
982 3938 1059 3995 ad
1110 3936 1340 3995 dictam
1385 3935 1746 4013 porcionem
1793 3936 2136 3993 earundem
2185 3935 2263 3994 de
2313 3934 2444 3992 iure
2478 3942 2540 3993 et
2574 3934 2652 3993 de
2699 3933 2866 3992 facto
2895 3941 3179 4011 spectan-

619 4043 784 4103 tibus
833 4051 895 4102 et
945 4043 1256 4121 pertinere
1322 4042 1710 4115 debentibuS,
1779 4040 2021 4119 prefato
2086 4040 2364 4122 Georgio
2428 4040 2553 4114 filio
2616 4038 2825 4119 Egidii
2870 4040 2950 4099 de
3012 4038 3178 4098 dicta

619 4151 994 4225 Korilowcz,
1026 4169 1140 4229 pro
1190 4158 1338 4209 tunc
1391 4150 1600 4209 comiti
1644 4149 1921 4209 terrestri
1970 4149 2281 4227 prenotati
2335 4147 2561 4225 Campi
2609 4146 3069 4227 Zagrabiensis,
3103 4166 3177 4207 ac

613 4258 872 4333 Bricci0‚
942 4259 1186 4318 Thome
1234 4266 1297 4317 et
1342 4258 1570 4318 Iacobo
1632 4258 1772 4318 filiis
1835 4258 2134 4330 eiusdem,
2198 4255 2662 4333 eorundemque
2726 4253 3059 4314 heredibus
3115 4262 3177 4313 et

613 4365 1077 4443 posteritatibus
1126 4365 1453 4440 universiS,
1501 4384 1614 4444 pro
1647 4384 1756 4425 sex
1804 4364 2059 4425 florenis
2108 4363 2259 4437 auri,
2302 4363 2490 4442 plene
2537 4371 2605 4421 ut
2644 4362 2795 4421 dixit
2828 4362 2906 4420 ab
2937 4360 3173 4421 eisdem

614 4472 879 4549 receptis
928 4482 989 4532 et
1034 4472 1280 4547 habitis,
1344 4472 1502 4537 iurez
1535 4480 1841 4550 perpetuo
1902 4478 1967 4530 et
2011 4468 2500 4529 irrevocabiliter
2558 4468 2913 4541 tenendam,
2974 4466 3171 4544 possi-

613 4580 883 4639 dendam
945 4579 1177 4657 pariter
1235 4589 1298 4639 et
1341 4580 1697 4639 habendam
1763 4578 2162 4652 vendidisset,
2224 4576 2583 4636 tradidisset
2648 4583 2710 4635 et
2762 4574 3172 4654 assignasset,

610 4705 823 4763 ymmo
869 4686 1112 4764 prefata
1159 4688 1413 4748 domina
1457 4688 1655 4748 Elena
1704 4706 1820 4745 suo
1868 4694 1929 4745 et
1976 4685 2139 4746 dicte
2189 4684 2418 4743 sororis
2466 4702 2579 4742 sue
2627 4682 2981 4741 nominibus
3022 4699 3169 4741 ven-

614 4793 783 4867 didit,
832 4793 1084 4853 tradidit
1129 4801 1193 4853 et
1225 4793 1575 4874 assignavit
1621 4793 1812 4852 nostri
1847 4792 1907 4851 in
1940 4792 2286 4870 presencia,
2334 4792 2557 4850 harum
2602 4796 2956 4848 nostrarum
2990 4788 3171 4868 sigilli

611 4900 804 4959 nostri
831 4900 1215 4979 appensione
1241 4900 1760 4960 communitatum
1783 4900 2003 4980 vigore
2029 4906 2093 4959 et
2114 4898 2471 4959 testimonio
2494 4898 2810 4957 literarum
2837 4894 3168 4959 mediante.
