3917 5592
784 472 904 535 130

763 691 926 750 t-ibus
989 676 1222 750 nullum
1284 690 1580 750 tributum
1641 710 1760 750 nec
1823 689 2095 769 aliquam
2174 688 2565 750 tributariam
2625 687 3016 749 exactionem
3082 707 3194 766 per
3261 707 3332 747 se

764 796 953 858 faciet
995 816 1114 857 nec
1161 798 1352 877 recipi
1396 797 1724 876 permittet.

977 937 1220 992 Ioannes
1259 936 1501 999 Thalem,
1553 937 1700 992 Mon.
1739 936 1868 992 hist.
1908 937 2061 991 civit.
2115 936 2422 1005 Zagrabiae
2460 936 2498 991 1.
2536 935 2658 991 341.
2710 964 2779 975 —
2831 933 3116 1004 originale
3154 950 3330 989 mem-

768 1028 1041 1081 braneum
1067 1026 1235 1081 valde
1261 1042 1514 1081 exesum.
1552 1026 1712 1080 Zona
1738 1026 1954 1080 sericea
1993 1026 2241 1081 coerulei
2266 1029 2323 1081 et
2348 1025 2547 1080 viridis
2575 1024 2782 1080 eoloris
2808 1024 3093 1095 appendet
3115 1024 3330 1093 absque

763 1116 966 1185 sigillo.
1003 1116 1065 1171 In
1091 1116 1324 1171 archivo
1364 1114 1516 1171 civit.
1543 1116 1864 1185 Zagrabiae.
1905 1116 2069 1171 Extat
2111 1116 2282 1171 etiam
2322 1116 2667 1185 descriptum
2694 1130 2745 1169 a.
2774 1112 2928 1169 1489.
2968 1129 3138 1167 manu
3174 1111 3329 1167 Pauli

765 1204 1047 1261 valentini
1087 1206 1156 1259 de
1195 1204 1458 1273 Chanma,
1509 1202 1699 1260 clerici
1737 1205 2130 1274 Zagrabiensis
2183 1204 2477 1273 dioecesib,
2527 1206 2658 1274 pub.
2699 1202 2921 1259 notarii.
2996 1204 3057 1257 In
3094 1200 3329 1258 archivo

767 1294 996 1364 capituli
1049 1294 1441 1363 Zagrabiensis
1496 1296 1636 1363 fasc,
1671 1296 1756 1351 10.
1794 1295 1896 1351 No.
1936 1295 2023 1351 14.
2097 1296 2273 1359 Adest
2328 1311 2553 1365 quoque
2591 1294 2650 1348 in
2687 1295 3042 1363 transumpto
3098 1291 3329 1377 capituli

768 1382 1132 1443 Chasmensis
1170 1400 1220 1441 a.
1261 1382 1416 1445 1490.
1463 1385 1628 1441 facto,
1667 1384 1737 1441 In
1776 1386 1980 1442 eodem
2018 1385 2253 1443 archivo
2292 1385 2428 1441 fase.
2466 1385 2518 1440 2.
2555 1382 2659 1439 No.
2696 1382 2783 1439 38.
2889 1428 2893 1433 .

1947 1670 2154 1742 127.

975 1870 1158 1933 Anno
1214 1868 1399 1932 1392.
1449 1869 1552 1932 24.
1601 1870 1869 1952 augusti.
1917 1871 2291 1951 Zagrabiae.

976 2068 1308 2129 Ladislaus
1339 2068 1502 2127 filius
1533 2067 1702 2127 Petri
1747 2067 2125 2128 Sclauoniae
2156 2068 2379 2143 banuS,
2426 2087 2507 2128 ne
2538 2068 2920 2130 marturinae
2954 2075 3017 2127 et
3044 2066 3326 2127 decimae

765 2195 1098 2255 porcorum
1146 2195 1185 2236 a
1247 2175 1683 2256 iobagionibus
1748 2176 2015 2237 civitatis
2072 2175 2673 2257 Montisgrechensis
2740 2177 2818 2237 de
2876 2174 3208 2255 Zagrabia,
3264 2173 3328 2233 in

763 2284 1265 2362 possessionibus
1315 2302 1530 2344 eorum
1575 2282 1914 2344 Petrouina
1961 2292 2025 2343 et
2068 2284 2373 2359 Hrascha,
2421 2284 2643 2365 quovis
2691 2284 2878 2343 modo
2912 2282 3324 2363 exigerentur,

762 2390 891 2451 suis
958 2391 1342 2467 officialibuS,
1408 2390 1891 2452 marturinamm
1954 2400 2017 2452 et
2081 2392 2467 2453 decimarum
2526 2411 2860 2473 porcorum
2914 2389 3324 2463 exactoribuS‚

763 2497 1083 2577 praecipit,

974 2639 1215 2693 Ioannes
1243 2638 1485 2707 Tkaleie,
1525 2638 1672 2695 Mon.
1711 2632 1839 2695 hist.
1867 2638 2018 2695 civit.
2055 2641 2361 2715 Zagrabiae
2386 2641 2426 2696 1.
2451 2658 2504 2711 p.
2533 2640 2655 2695 345.
2696 2670 2762 2680 —
2790 2639 3075 2709 Originale
3102 2640 3319 2693 charta-

771 2742 953 2800 ceum,
993 2742 1028 2781 a
1067 2730 1220 2799 tergo
1259 2726 1558 2800 vestigium
1596 2729 1851 2801 appi-essi
1889 2729 2073 2801 sigilli.
2111 2732 2173 2787 ln
2212 2730 2445 2787 archivo
2484 2730 2729 2786 civitatis
2765 2730 3087 2802 Zagrabiae.

1946 3034 2151 3105 128.

976 3236 1161 3297 Anno
1217 3234 1400 3297 1393.
1451 3198 1553 3297 28.
1602 3200 1828 3317 aprilis,
1884 3236 2256 3317 Zagrabiae.

935 3411 1282 3494 ¹Iohannes
1329 3452 1540 3493 comes
1610 3434 1870 3513 Veglae,
1940 3434 2325 3511 Modrusyae
2373 3442 2486 3494 ete.
2536 3454 2875 3515 regnorum
2944 3431 3315 3507 Dalmatiae,

765 3541 1061 3601 Croatiae
1111 3548 1173 3600 et
1218 3531 1592 3600 Sclauoniae
1663 3541 1882 3615 banuS,
1949 3542 2030 3601 ad
2077 3541 2442 3625 querelam⁴
2467 3542 2695 3602 civium
2749 3539 3323 3622 MontisgrecensiS‚

763 3648 971 3708 comiti
1019 3648 1118 3708 vel
1166 3648 1514 3708 vicecomiti
1562 3657 1624 3708 et
1670 3648 1975 3708 iudicibus
2022 3648 2319 3708 nobilium
2368 3650 2698 3710 comitatus
2744 3647 3206 3730 Zagrabiensis,
3253 3655 3323 3708 ut

763 3762 980 3815 contra
1026 3756 1291 3814 Paulum
1339 3764 1402 3815 et
1446 3754 1824 3835 Gregorium
1870 3755 2029 3816 filios
2062 3756 2317 3815 Mazten
2364 3756 2443 3816 de
2491 3756 2750 3831 Chicha,
2797 3758 2876 3817 de
2925 3756 3165 3817 actibus
3210 3774 3319 3834 po-

763 3862 1064 3922 tentiariis
1113 3862 1174 3921 in
1221 3862 1621 3941 possessione
1687 3862 1967 3941 ipsorum
2033 3863 2261 3924 civium
2322 3864 2612 3925 Hrascha
2665 3871 2890 3924 vocata
2948 3862 3319 3943 perpetratis

761 3968 1091 4048 inquirant,
1139 3970 1457 4048 praecipit.

971 4110 1212 4163 Ioannes
1239 4108 1479 4174 Tkalcic,
1501 4109 1647 4164 Mon.
1676 4110 1806 4165 hist.
1833 4110 1983 4164 civit.
2004 4110 2311 4180 Zagrabiae
2329 4111 2368 4166 1.
2392 4108 2513 4165 316.
2550 4142 2591 4151 -
2626 4112 2669 4166 E
2694 4116 3045 4182 transumpto
3067 4106 3321 4167 Thomae

757 4196 1018 4281 visebani
1047 4201 1103 4253 et
1128 4196 1352 4253 comitis
1390 4198 1782 4268 Zagrabiensis
1820 4215 1869 4254 a.
1899 4199 2054 4254 1393.
2084 4200 2169 4255 29.
2199 4200 2410 4270 aprilis·
2449 4201 2511 4256 In
2543 4199 2777 4256 archivo
2818 4200 2967 4257 civit.
2995 4202 3318 4272 Zagrabiae.

1943 4502 2148 4573 129.

851 4784 872 4809 ·.
977 4704 1160 4764 Anno
1219 4701 1402 4765 1393.
1453 4703 1554 4765 29.
1607 4704 1832 4784 aprilis,
1880 4705 2255 4787 Zagrabiae.

977 4900 1256 4961 Thomas
1317 4900 1604 4977 vicarius,
1669 4902 2010 4963 vicebanus
2060 4911 2122 4963 et
2175 4922 2387 4965 comes
2444 4904 2888 4987 Zagrabiensis
2946 4925 3022 4968 ac
3082 4907 3319 4968 iudices

759 5008 1060 5077 nobilium
1107 5009 1389 5075 eiusdem
1421 5010 1767 5088 comitatuS,
1803 5013 2101 5076 Ioannem
2155 5013 2445 5078 comitem
2478 5014 2737 5101 Veglae,
2784 5014 3171 5099 Modrusyae
3194 5022 3311 5081 etc.
