3917 5592
3040 482 3156 561 1οἸ

603 724 818 779 sancte
889 700 1209 779 Katerine'
1235 708 1538 791 existenti,
1607 736 1722 795 pro
1770 716 1993 795 quarta
2058 709 2227 777 filiali
2274 716 2525 796 plenam
2581 727 2870 796 quartam
2916 739 3165 799 posses-

604 827 795 886 sionis
843 846 955 886 sue
1003 805 1376 886 hereditarie
1411 825 1638 904 vbique
1687 820 2045 904 loquorum¹
2086 820 2524 895 existentibus²
2570 826 2773 915 ipsum
2820 827 3167 905 predictum

603 944 844 1012 patrem
892 954 1074 994 suum
1138 934 1605 1014 contingentem
1653 932 1840 1007 dedit,
1911 932 2165 993 tradidit
2212 942 2275 993 et
2322 934 2652 1013 asignauit,
2721 954 2932 1011 ymmo
2981 935 3168 1009 dedit,

605 1042 860 1102 tradidit
906 1051 968 1101 et
1015 1041 1366 1122 assignauit
1413 1060 1625 1101 coram
1673 1040 1850 1099 nobis
1897 1039 2032 1100 iure
2082 1048 2383 1119 perpetuo
2446 1040 2891 1118 possidendam
2936 1042 3171 1120 pariter

608 1157 670 1208 et
717 1149 1072 1208 habendam
1121 1158 1183 1208 et
1229 1147 1718 1208 irreuocabiliter
1764 1147 2101 1207 tenendam
2149 1148 2209 1206 in
2258 1148 2415 1207 filios
2448 1147 2713 1207 filiorum
2761 1157 2822 1208 et
2868 1150 3169 1209 heredum

603 1276 716 1335 per
748 1257 1028 1317 heredes
1076 1258 1144 1315 In
1179 1257 1354 1316 cuius
1386 1275 1497 1331 rey
1529 1255 1895 1315 memoriam
1943 1256 2425 1333 firmitatemque
2459 1256 2842 1334 perpetuam,
2888 1266 3168 1316 nostrum

605 1365 874 1445 sigillum
923 1365 1210 1424 duximus
1246 1363 1702 1441 apendendum.
1753 1363 1985 1422 Datum
2016 1363 2345 1443 Zagrabie,
2395 1363 2551 1423 feria
2583 1366 2860 1424 secunda
2888 1365 3171 1444 proxima

603 1483 746 1551 post
812 1472 1040 1534 festum
1110 1472 1438 1533 beatorum
1503 1470 1724 1549 Philipi
1788 1480 1850 1530 et
1912 1472 2121 1531 Iacobi
2192 1473 2632 1549 apostolorum,
2707 1492 2870 1532 anno
2938 1474 3167 1533 domini

605 1581 935 1641 millesimo
985 1574 1486 1641 CCC⁰.LXXX⁰.
1536 1587 1776 1656 quarto,

819 1719 1102 1789 originale
1155 1721 1612 1799 membraneum..
1677 1721 1722 1774 A
1761 1736 1906 1775 zona
1955 1720 2173 1773 sericea
2227 1719 2357 1775 ’ssavi
2400 1724 2455 1773 et
2494 1721 2642 1774 rubri
2704 1721 2910 1775 coloris
2962 1720 3169 1789 pendet

602 1811 850 1865 attritum
878 1810 1137 1878 sigillum.
1177 1810 1236 1863 In
1271 1810 1504 1864 archivo
1543 1810 1696 1877 regni
1727 1810 2059 1876 Hungariao,
2104 1810 2497 1879 Budapestini:
2548 1810 2611 1864 Μ.
2652 1809 2714 1863 Ο.
2757 1810 2815 1863 D.
2862 1811 2913 1863 1,.
2956 1808 3173 1869 32994.,

565 1946 578 1955 .
607 1899 738 1952 olim
781 1900 842 1953 N.
881 1901 944 1953 R.
985 1902 1048 1953 A.
1091 1900 1221 1953 fasc.
1265 1899 1382 1953 135.
1423 1898 1524 1953 No„
1567 1899 1648 1954 12.
2616 1910 2619 1913 ’

827 2026 838 2053 “
879 2025 973 2078 sic.
1057 2026 1076 2053 ²
1113 2026 1208 2078 sic.

1795 2262 2029 2346 102.7

822 2442 1007 2501 Anno
1065 2438 1248 2501 1387.
1297 2438 1359 2501 6.-
1405 2440 1568 2500 maii.
1625 2440 2000 2519 Zagrabiae.

619 2600 868 2665 Coram
904 2599 1096 2663 Iwan
1134 2598 1296 2683 filio
1337 2598 1668 2684 Gregorii
1714 2602 1962 2664 comite
2010 2603 2328 2666 terrestri
2365 2602 2614 2689 Campi
2660 2602 3179 2688 Zagrabiensis,

615 2708 958 2774 Iohannes
980 2708 1188 2793 filius
1236 2706 1571 2791 Stephani
1602 2708 1683 2773 de
1715 2708 2057 2793 Inferiorz'
2106 2709 2508 2788 Lomnicha,
2532 2794 2535 2799 ,
2557 2732 2773 2776 unam
2804 2712 3181 2775 sessionem

614 2838 838 2894 suam,
907 2814 1268 2895 duodecim
1309 2818 1551 2899 pensis
1599 2815 1891 2880 Nicolao
1949 2815 2113 2900 filio
2160 2816 2365 2881 Nouk
2411 2818 2492 2882 de
2536 2818 2770 2882 eadem
2844 2816 3183 2901 Inferiori

1548 2922 1952 3001 Lomnicha,
1999 2924 2256 2991 vendit.

831 3088 962 3147 Nos
1027 3088 1198 3147 [wan
1245 3087 1406 3147 filius
1469 3088 1759 3167 Gregorii
1809 3107 2021 3147 comes
2091 3088 2405 3148 terrestris
2452 3088 2679 3169 Campi
2735 3082 3181 3170 Zagrabiensis

616 3195 912 3256 memorie
961 3196 1473 3256 commendamus
1520 3214 1634 3274 per
1679 3204 2023 3274 presenteS‚
2090 3198 2259 3274 quod
2305 3197 2613 3257 Iohannes
2670 3198 2832 3257 filius
2879 3196 3181 3275 Stephani

617 3304 696 3363 de
752 3303 1096 3363 Lomnicha
1163 3302 1441 3363 In'feriori
1492 3304 1570 3361 ab
1619 3322 1742 3362 vna
1806 3312 2003 3381 parte,
2076 3305 2154 3364 ab
2206 3306 2401 3364 altera
2457 3323 2608 3365 vero
2656 3304 2954 3364 Nicolaus
3018 3303 3177 3363 filius

619 3411 804 3471 Nouk
850 3412 928 3471 de
977 3412 1199 3471 eadem
1248 3430 1460 3470 coram
1507 3410 1687 3470 nobis
1736 3410 2067 3483 constituti,
2137 3410 2303 3470 idem
2350 3411 2660 3470 Iohannes
2709 3420 2805 3471 est
2852 3410 3177 3471 confessus

619 3519 872 3579 oraculo
919 3518 1063 3578 viue
1110 3518 1300 3592 vociS,
1371 3527 1439 3577 vt
1485 3519 1620 3596 ipse
1666 3536 1855 3577 vnam
1904 3516 2252 3577 sessionem
2318 3538 2499 3579 suam
2548 3518 2627 3578 acl
2676 3537 2865 3578 vnam
2912 3518 3185 3579 mediam

622 3644 977 3687 mensuram
1024 3627 1194 3705 wlgo
1243 3635 1476 3700 vreten,
1547 3644 1660 3703 pro
1710 3626 2040 3684 duodecim
2087 3626 2298 3703 pensis
2355 3626 2753 3686 denariorum
2801 3626 3188 3687 vendidisset

624 3734 826 3794 eidem
873 3734 1134 3793 Nicolao
1167 3742 1230 3793 et
1255 3752 1370 3811 per
1417 3752 1560 3793 eum
1609 3732 1737 3792 suis
1771 3734 2107 3793 heredibus
2156 3734 2583 3811 heredumque
2631 3752 2889 3792 suorum
2938 3752 3184 3792 succes-

624 3842 886 3916 soribuS,
955 3840 1315 3901 tradidisset
1361 3850 1424 3901 et
1483 3841 1890 3921 assignasset,
1962 3860 2173 3917 ymmo
2224 3840 2517 3915 vendidit,
2589 3841 2843 3900 tradidit
2911 3850 2972 3899 et
3035 3839 3187 3898 assi-

625 3948 844 4028 gnauit
875 3966 1086 4008 coram
1133 3949 1312 4008 nobis
1343 3949 1806 4027 possidendam,
1854 3949 2192 4008 tenendam
2226 3955 2288 4007 et
2321 3942 2660 4008 abendam¹
2708 3948 2809 4007 vel
2842 3952 3188 4025 cuicunque

625 4055 889 4115 voluerit
935 4056 1404 4133 disponendam,
1452 4056 1571 4114 hoc
1605 4055 1938 4130 declaratO,
1988 4056 2153 4134 quod
2188 4056 2239 4115 si
2274 4056 2543 4115 eundem
2590 4055 2918 4115 Nicolaum
2968 4054 3189 4133 aliquis

627 4173 914 4243 respectu
980 4164 1174 4241 ipsius
1245 4163 1544 4224 sessionis
1629 4163 1936 4241 inpeteret
2004 4172 2111 4223 aut
2185 4164 2463 4241 inpetere
2544 4173 2890 4239 conaretur,
2966 4172 3189 4224 extunc

626 4272 1006 4351 prescriptus
1071 4272 1380 4332 Iohannes
1451 4290 1592 4331 curn
1665 4271 1930 4350 propriis
2001 4271 2316 4331 laboribus
2388 4268 2450 4331 e‘t
2524 4271 2813 4348 expensis
2884 4270 3193 4331 tenebitur

629 4382 897 4441 eundem
945 4378 1258 4457 expedire,
1329 4380 1502 4439 litere
1553 4378 1753 4439 eciam
1800 4378 1854 4438 si
1899 4399 2021 4457 que
2070 4388 2283 4439 essent
2329 4398 2519 4457 super
2564 4372 3012 4456 prealigatarn²
3060 4398 3190 4437 ses-

629 4489 889 4561 sionem,
937 4487 1198 4548 easdem
1246 4485 1565 4546 reddimus
1609 4504 1845 4561 cassaS,
1891 4495 2172 4546 mortuas
2206 4496 2269 4547 et
2299 4487 2535 4547 inanes,
2584 4486 2817 4545 Datum
2862 4483 3194 4564 Zagrabie,

627 4596 782 4657 feria
829 4596 1108 4656 secunda
1155 4595 1218 4653 in
1262 4593 1424 4654 festo
1471 4594 1639 4654 beati
1686 4580 1996 4655 Iohannis
2037 4604 2179 4654 ante
2229 4604 2473 4673 portam
2522 4594 2797 4668 latinam,
2873 4611 3037 4653 anno
3086 4593 3193 4652 do·

629 4704 776 4763 mini
822 4702 1148 4763 millesimo
1198 4697 1699 4762 CCC⁰.LXXX⁰.
1750 4701 2034 4780 septimo,
2614 4702 2617 4705 ’

840 4840 1124 4911 originale
1144 4842 1570 4920 membraneum
1597 4858 1632 4896 a
1657 4857 1768 4911 quo
1789 4842 1980 4911 aliqua
2004 4840 2102 4896 'fila
2136 4844 2338 4897 rubrae
2365 4841 2612 4897 sericeas
2639 4857 2817 4897 zonae
2845 4840 3193 4910 dependent,

631 4934 872 5003 sigillum
923 4932 1104 5003 periit.
1179 4931 1344 5000 Apud
1389 4932 1638 4985 nobilem
1697 4932 1942 4986 Marcum
2004 4934 2258 4987 Arbanas
2298 4933 2355 4986 in
2395 4934 2551 4987 infer.
2614 4932 2896 4985 homnica.
2960 4929 3059 4984 No.
3102 4929 3188 4982 29.

849 5058 866 5091 ¹
905 5059 1002 5114 sic.
1082 5060 1100 5089 ²
1140 5060 1238 5115 sic.
