3917 5592
2982 444 3113 507 413

548 661 763 721 titores
809 659 986 733 tueri,
1033 667 1364 741 protegere
1413 668 1477 720 et
1521 660 1858 721 defendere
1905 659 2171 738 propriis
2220 678 2476 720 suorum
2523 658 2889 738 sumptibuS,
2938 660 3111 720 labo·

549 767 721 827 ribus
768 776 830 827 et
877 768 1182 846 expensis,
1248 769 1316 827 In
1383 768 1558 828 cuius
1617 788 1728 845 rey
1787 766 2155 826 memoriam
2203 774 2389 846 atque
2452 765 2873 827 testimonium
2922 767 3109 827 firmi-

549 881 867 953 tatemque
912 872 1331 953 perpetuamss.
1393 876 1475 935 Et
1521 894 1664 935 cum
1724 874 1980 933 tandem
2041 892 2157 933 nos
2205 874 2287 934 ad
2345 872 2683 933 instantem
2740 874 3112 951 peticionem

550 980 772 1059 prefati
816 980 1019 1041 Marci
1064 982 1171 1043 filii
1217 982 1411 1063 ipsius
1470 984 1648 1058 Petk,
1697 980 1938 1043 nobiles
1985 980 2155 1040 viros
2217 981 2483 1041 Paulum
2529 980 2723 1040 filium
2770 981 2963 1041 Blasii
3008 982 3113 1041 filii

552 1090 812 1167 Mathey
871 1091 951 1151 de
995 1091 1229 1167 Mlaka,
1277 1092 1686 1153 Benedictum
1732 1089 1926 1151 filium
1972 1086 2141 1149 Petri
2188 1087 2699 1169 cognominatum
2760 1088 3113 1148 Zemschak

551 1197 629 1255 de
677 1198 902 1258 eadem
946 1198 1180 1274 Mlaka,
1227 1197 1596 1280 iobagiones
1619 1206 1891 1259 nostros
1937 1195 2310 1276 fidedignm,
2372 1195 2452 1255 de
2499 1195 2650 1256 sede
2698 1203 2914 1256 nostra
2957 1196 3112 1256 iudi-

551 1303 742 1364 ciaria
811 1305 992 1367 solita
1035 1306 1486 1387 ,Zagrabiensh
1554 1305 1712 1367 feria
1773 1304 2054 1365 secunda
2123 1309 2267 1381 post
2332 1301 2562 1362 festum
2625 1302 2794 1363 beati
2860 1302 3115 1363 Martini

552 1411 844 1490 episcopi,
879 1414 961 1473 ad
992 1413 1450 1493 infrascriptam
1481 1409 2045 1493 possessionariam
2079 1409 2492 1470 statucionem
2524 1410 2943 1489 predictarum
2971 1430 3113 1489 pos·

533 1518 902 1580 sessionum
967 1529 1029 1582 et
1087 1520 1476 1603 porcionum·
1514 1518 2154 1601 possessionariarum
2227 1516 2678 1596 empticiarum,
2749 1518 3115 1579 Hrasschan

549 1622 957 1706 nuncupata⁹,
1001 1628 1358 1690 faciendam
1402 1629 1680 1711 legitime
1727 1627 2240 1701 destinassemuS,
2288 1625 2545 1686 tandem
2590 1624 2709 1704 ipsi
2740 1624 3113 1706 iobagiones

552 1734 747 1794 nostri
792 1734 1094 1817 fidedigni
1138 1736 1202 1796 in
1251 1736 1580 1817 quindenis
1627 1735 1905 1816 predicte
1951 1733 2105 1795 ferie
2152 1733 2430 1793 secunde
2478 1732 2703 1793 exinde
2736 1733 2819 1793 ad
2858 1752 2973 1793 nos
3021 1752 3116 1792 re-

553 1842 718 1902 versi
764 1851 828 1903 et
870 1862 985 1922 per
1028 1864 1144 1905 nos
1191 1844 1523 1926 diligenter
1567 1843 1864 1924 requisiti,
1911 1841 2093 1903 nobis
2142 1839 2527 1901 uniformiter
2590 1859 2665 1900 eo
2713 1840 2903 1901 modo
2949 1848 3112 1900 retu-

549 1950 753 2009 lerunt
820 1949 1156 2032 fidedigne,
1219 1955 1289 2014 ut
1354 1951 1472 2031 ipsi
1538 1951 1694 2012 feria
1748 1950 2029 2012 secunda
2091 1948 2375 2028 proxima
2441 1956 2584 2008 ante
2652 1947 2880 2008 festum
2952 1948 3119 2008 beati

550 2054 791 2117 Nicolai
852 2058 1249 2135 confessoriS,
1322 2068 1386 2120 et
1451 2059 1586 2121 aliis
1648 2059 1868 2120 diebus
1918 2059 2000 2119 ad
2062 2056 2125 2117 id
2173 2055 2334 2136 aptis
2396 2064 2458 2117 et
2520 2056 2987 2131 sufficientibuS,
3036 2057 3119 2116 ad

549 2160 745 2223 facies
777 2164 1199 2242 predictarum
1229 2167 1701 2246 possessionum
1735 2174 1796 2227 et
1827 2166 2194 2245 porcionum
2224 2162 2863 2243 possessionariarum
2898 2162 3113 2242 empti-

553 2269 790 2331 ciarum
822 2250 1153 2335 Hraschan
1187 2284 1412 2337 vocata
1425 2270 1489 2350 ¹⁰,
1538 2274 1756 2336 vicinis
1789 2282 1853 2335 et
1882 2273 2331 2335 commetaneis
2371 2291 2589 2333 earum
2620 2271 2929 2332 universis
2961 2271 3113 2352 legi-

553 2378 703 2439 time
752 2382 1114 2441 convocatis
1163 2391 1226 2443 et
1269 2382 1664 2461 presentibus
1712 2389 2133 2457 accesserunt,
2182 2388 2245 2441 et
2291 2381 2547 2442 easdem
2594 2380 3026 2459 possessiones
3058 2388 3121 2441 et

552 2488 885 2565 porciones
946 2490 1494 2569 possessionarias,
1560 2500 1690 2552 tam
1752 2491 1952 2553 eciam
2005 2489 2404 2569 quartalicias
2473 2489 2837 2550 Hrasschan
2902 2488 3119 2564 dictaS,

551 2613 694 2654 cum
741 2596 1028 2658 omnibus
1077 2598 1208 2658 suis
1256 2598 1618 2660 utilitatibus
1660 2608 1723 2660 et
1749 2598 2148 2679 pertinenciis
2196 2596 2519 2671 universiS,
2569 2596 2849 2677 predicto
2896 2597 3116 2657 Marco

557 2702 963 2781 Kozkowych
1010 2700 1471 2786 ipsorumque¹¹
1515 2706 1851 2767 heredibus
1913 2712 2266 2766 statuerunt
2328 2712 2631 2784 perpetuo
2677 2703 3111 2783 possidendas,

557 2810 804 2871 nemine
850 2812 1099 2890 penitus
1145 2814 1628 2889 contradicente,
1675 2814 1871 2874 tribus
1919 2813 2141 2874 diebus
2190 2811 2497 2873 continuis
2531 2820 2593 2872 et
2620 2811 2915 2892 legitimis
2948 2812 3121 2871 iuxta

560 2918 738 2998 regni
787 2920 1301 2981 consvetudinem
1349 2941 1590 2982 moram
1637 2921 1868 2982 ibidem
1925 2921 2214 2982 faciendo
2278 2919 2690 2998 personalem.
2737 2920 2807 2979 In
2854 2938 3117 2999 quorum

556 3026 832 3087 omniurn
895 3023 1018 3088 et¹²
1079 3025 1516 3105 testimonio¹³,
1579 3030 1782 3110 sigilla
1841 3038 2057 3091 nostra
2105 3028 2286 3090 solita
2350 3027 2637 3088 duximus
2688 3028 3118 3107 appendenda.

556 3134 790 3195 Datum
848 3136 1201 3215 Zagrabye,
1273 3136 1428 3197 feria
1489 3138 1771 3198 secunda
1834 3137 2118 3217 proxima
2182 3143 2327 3197 ante
2383 3135 2611 3196 festum
2674 3136 2859 3196 beate
2928 3136 3119 3196 Lucie

557 3240 833 3321 virginiS,
897 3262 1062 3303 anno
1110 3243 1342 3304 domini
1389 3238 1812 3305 millessimo¹⁴
1857 3238 2571 3325 quadringentessimo¹⁵
2618 3238 3121 3324 sexagessimo¹⁶

561 3366 778 3425 primo·

773 3487 1056 3557 originale
1104 3493 1548 3559 membraneum,
1599 3491 1923 3560 appendent
1959 3492 2107 3546 duae
2144 3508 2323 3547 zonae
2363 3492 2613 3546 sericeae
2650 3490 2849 3547 viridis
2894 3493 3118 3562 coloris,

559 3594 594 3631 a
631 3592 868 3647 quarum
919 3578 1184 3635 dexterae
1233 3582 1504 3636 adhaeret
1552 3580 1814 3649 sigillum,
1867 3579 2142 3635 exhibens
2193 3581 2254 3634 in
2305 3580 2493 3635 medio
2544 3579 2789 3635 litteram
2829 3580 2891 3635 G.
2932 3580 3117 3649 gotico

559 3669 882 3724 charactere
937 3686 1281 3739 expressam,
1321 3672 1391 3726 de
1428 3670 1792 3726 circumcirca
1829 3670 2071 3725 currenti
2112 3670 2480 3740 inscriptione
2524 3672 2709 3725 solum
2756 3670 2863 3739 legi
2901 3672 3118 3740 potest:

559 3758 595 3826 †
634 3800 646 3813 .
688 3800 700 3813 .
739 3800 752 3815 .
793 3799 808 3815 .
845 3760 890 3813 11
929 3760 1017 3814 BE
1055 3802 1068 3816 .
1109 3803 1121 3816 .
1161 3804 1172 3817 .
1214 3803 1227 3817 .
1265 3762 1432 3832 Apud
1469 3762 1600 3817 nob.
1638 3761 1868 3815 Petrum
1907 3759 2117 3829 Cigetic
2152 3760 2213 3815 in
2252 3760 2444 3829 Super.
2481 3760 2745 3815 Lukavec
2781 3760 2884 3816 No,
2926 3760 3009 3815 13.

780 3938 794 3969 ¹
833 3939 915 3995 sic
960 3938 1132 4009 (filie).
1209 3940 1230 3968 ²
1265 3938 1348 3993 sic
1395 3937 1570 4009 (filie).
1647 3938 1670 3970 ⁸
1705 3939 1788 3993 sic
1841 3938 2007 4011 (sue).
2082 3940 2103 3970 ⁴
2140 3940 2223 3995 sic
2276 3939 2610 4010 (predictas).
2691 3942 2709 3969 ⁵
2746 3940 2829 3995 sic
2879 3939 3119 4011 (alium).

563 4032 584 4059 ⁸
621 4030 718 4085 sic.
793 4030 815 4059 '¹
851 4030 933 4085 sic
971 4029 1206 4101 (iidem).
1285 4030 1308 4059 ⁸
1345 4029 1520 4085 thesis
1546 4030 1891 4100 imperfecta.
1960 4032 1981 4061 ⁹
2017 4030 2099 4086 sic
2138 4030 2649 4102 (nuncupatarum).
2730 4032 2771 4060 ¹⁰
2808 4031 2889 4085 sic
2928 4032 3119 4098 (voca-

562 4120 789 4186 tarum).
871 4120 911 4150 ¹¹
947 4120 1028 4174 sic
1067 4118 1422 4189 (ipsiusque).
1498 4118 1544 4151 ¹²
1579 4119 1852 4174 terminus
1891 4119 2327 4191 »singulorum«,
2367 4121 2462 4190 qui
2488 4120 2647 4190 sequi
2679 4121 2920 4191 deberet,
2948 4120 3119 4175 deest.

563 4206 609 4239 ¹³
645 4207 726 4265 sic
763 4206 1213 4281 (testimonium).
1292 4207 1334 4239 ¹⁴
1369 4208 1466 4265 sic.
1548 4208 1588 4238 ¹⁸
1625 4208 1722 4264 sic.
1805 4210 1844 4239 ¹⁸
1880 4209 1978 4265 sic.
