<?xml version="1.0" encoding="UTF-8"?>
<!DOCTYPE html PUBLIC "-//W3C//DTD XHTML 1.0 Transitional//EN"
    "http://www.w3.org/TR/xhtml1/DTD/xhtml1-transitional.dtd">
<html xmlns="http://www.w3.org/1999/xhtml" xml:lang="en" lang="en">
 <head>
  <title>
</title>
<meta http-equiv="Content-Type" content="text/html;charset=utf-8" />
  <meta name='ocr-system' content='tesseract 3.04.00' />
  <meta name='ocr-capabilities' content='ocr_page ocr_carea ocr_par ocr_line ocrx_word'/>
</head>
<body>
  <div class='ocr_page' id='page_1' title='image "./povjesnispomeni01laszgoog_0423.png"; bbox 0 0 3917 5592; ppageno 0'>
   <div class='ocr_carea' id='block_1_1' title="bbox 3034 427 3165 504">
    <p class='ocr_par' dir='ltr' id='par_1_1' title="bbox 3034 427 3165 504">
     <span class='ocr_line' id='line_1_1' title="bbox 3034 427 3165 504; baseline -0.008 0"><span class='ocrx_word' id='word_1_1' title='bbox 3034 427 3165 504; x_wconf 79' lang='lat'>373</span> 
     </span>
    </p>
   </div>
   <div class='ocr_carea' id='block_1_2' title="bbox 595 642 3173 5036">
    <p class='ocr_par' dir='ltr' id='par_1_2' title="bbox 595 642 3173 5036">
     <span class='ocr_line' id='line_1_2' title="bbox 616 642 3173 737; baseline 0.002 -25"><span class='ocrx_word' id='word_1_2' title='bbox 616 642 845 732; x_wconf 89' lang='lat' dir='ltr'>Campi</span> <span class='ocrx_word' id='word_1_3' title='bbox 889 642 1188 714; x_wconf 90' lang='lat' dir='ltr'>memorie</span> <span class='ocrx_word' id='word_1_4' title='bbox 1237 645 1749 716; x_wconf 72' lang='lat' dir='ltr'>commendamus</span> <span class='ocrx_word' id='word_1_5' title='bbox 1793 656 2011 716; x_wconf 79' lang='lat' dir='ltr'>tenore</span> <span class='ocrx_word' id='word_1_6' title='bbox 2059 649 2453 735; x_wconf 85' lang='lat' dir='ltr'>presencium</span> <span class='ocrx_word' id='word_1_7' title='bbox 2498 653 2923 737; x_wconf 90' lang='lat' dir='ltr'>significantes</span> <span class='ocrx_word' id='word_1_8' title='bbox 2949 657 3173 736; x_wconf 90' lang='lat' dir='ltr'>quibus</span> 
     </span>
     <span class='ocr_line' id='line_1_3' title="bbox 612 761 3170 842; baseline 0.002 -22"><span class='ocrx_word' id='word_1_9' title='bbox 612 761 862 840; x_wconf 86' lang='lat' dir='ltr'>expedit</span> <span class='ocrx_word' id='word_1_10' title='bbox 923 761 1248 835; x_wconf 79' lang='lat' dir='ltr'>universiS,</span> <span class='ocrx_word' id='word_1_11' title='bbox 1318 763 1487 840; x_wconf 91' lang='lat' dir='ltr'>quod</span> <span class='ocrx_word' id='word_1_12' title='bbox 1549 762 1772 824; x_wconf 91' lang='lat' dir='ltr'>nobilis</span> <span class='ocrx_word' id='word_1_13' title='bbox 1832 764 1928 823; x_wconf 91' lang='lat' dir='ltr'>vir</span> <span class='ocrx_word' id='word_1_14' title='bbox 1993 763 2289 824; x_wconf 83' lang='lat' dir='ltr'><strong>Clemens</strong></span> <span class='ocrx_word' id='word_1_15' title='bbox 2353 783 2603 842; x_wconf 91' lang='lat' dir='ltr'>parvus,</span> <span class='ocrx_word' id='word_1_16' title='bbox 2676 764 2837 823; x_wconf 87' lang='lat' dir='ltr'>filius</span> <span class='ocrx_word' id='word_1_17' title='bbox 2903 766 3170 825; x_wconf 89' lang='lat' dir='ltr'>condam</span> 
     </span>
     <span class='ocr_line' id='line_1_4' title="bbox 609 863 3168 950; baseline 0.002 -24"><span class='ocrx_word' id='word_1_18' title='bbox 609 867 862 928; x_wconf 84' lang='lat' dir='ltr'><strong>Antonii</strong></span> <span class='ocrx_word' id='word_1_19' title='bbox 909 869 987 928; x_wconf 92' lang='lat' dir='ltr'>de</span> <span class='ocrx_word' id='word_1_20' title='bbox 1035 869 1482 945; x_wconf 85' lang='lat' dir='ltr'>Mykcheuecz‚</span> <span class='ocrx_word' id='word_1_21' title='bbox 1530 869 1592 930; x_wconf 90' lang='lat' dir='ltr'>in</span> <span class='ocrx_word' id='word_1_22' title='bbox 1640 890 1756 930; x_wconf 87' lang='lat' dir='ltr'>sua</span> <span class='ocrx_word' id='word_1_23' title='bbox 1803 879 1867 930; x_wconf 91' lang='lat' dir='ltr'>et</span> <span class='ocrx_word' id='word_1_24' title='bbox 1925 871 2267 931; x_wconf 86' lang='lat' dir='ltr'>Baltasaris</span> <span class='ocrx_word' id='word_1_25' title='bbox 2328 870 2435 931; x_wconf 87' lang='lat' dir='ltr'>filii</span> <span class='ocrx_word' id='word_1_26' title='bbox 2498 871 2593 930; x_wconf 91' lang='lat' dir='ltr'>sui</span> <span class='ocrx_word' id='word_1_27' title='bbox 2640 863 2955 950; x_wconf 84' lang='lat' dir='ltr'>personis;</span> <span class='ocrx_word' id='word_1_28' title='bbox 3020 872 3168 932; x_wconf 91' lang='lat' dir='ltr'>item</span> 
     </span>
     <span class='ocr_line' id='line_1_5' title="bbox 610 975 3169 1058; baseline 0.002 -25"><span class='ocrx_word' id='word_1_29' title='bbox 610 975 670 1033; x_wconf 91' lang='lat' dir='ltr'>in</span> <span class='ocrx_word' id='word_1_30' title='bbox 719 975 1006 1053; x_wconf 89' lang='lat' dir='ltr'>personis</span> <span class='ocrx_word' id='word_1_31' title='bbox 1066 977 1316 1037; x_wconf 88' lang='lat' dir='ltr'>Ioannis</span> <span class='ocrx_word' id='word_1_32' title='bbox 1385 987 1448 1037; x_wconf 92' lang='lat' dir='ltr'>et</span> <span class='ocrx_word' id='word_1_33' title='bbox 1491 978 1761 1039; x_wconf 87' lang='lat' dir='ltr'>Emerici</span> <span class='ocrx_word' id='word_1_34' title='bbox 1825 978 2091 1038; x_wconf 87' lang='lat' dir='ltr'>filiorum</span> <span class='ocrx_word' id='word_1_35' title='bbox 2154 980 2469 1058; x_wconf 91' lang='lat' dir='ltr'>quondam</span> <span class='ocrx_word' id='word_1_36' title='bbox 2516 980 2769 1038; x_wconf 86' lang='lat' dir='ltr'>Andree</span> <span class='ocrx_word' id='word_1_37' title='bbox 2819 980 2896 1038; x_wconf 89' lang='lat' dir='ltr'>de</span> <span class='ocrx_word' id='word_1_38' title='bbox 2945 980 3169 1040; x_wconf 91' lang='lat' dir='ltr'>eadem</span> 
     </span>
     <span class='ocr_line' id='line_1_6' title="bbox 610 1082 3170 1165; baseline 0.002 -24"><span class='ocrx_word' id='word_1_39' title='bbox 610 1082 1058 1159; x_wconf 83' lang='lat' dir='ltr'>Mykcheuecz,</span> <span class='ocrx_word' id='word_1_40' title='bbox 1089 1089 1348 1144; x_wconf 68' lang='lat' dir='ltr'>fratrum</span> <span class='ocrx_word' id='word_1_41' title='bbox 1379 1103 1528 1145; x_wconf 91' lang='lat' dir='ltr'>vero</span> <span class='ocrx_word' id='word_1_42' title='bbox 1561 1105 1817 1146; x_wconf 91' lang='lat' dir='ltr'>suorum</span> <span class='ocrx_word' id='word_1_43' title='bbox 1866 1084 2257 1164; x_wconf 83' lang='lat' dir='ltr'><strong>patruelium,</strong></span> <span class='ocrx_word' id='word_1_44' title='bbox 2304 1105 2489 1145; x_wconf 89' lang='lat' dir='ltr'>omne</span> <span class='ocrx_word' id='word_1_45' title='bbox 2522 1105 2680 1145; x_wconf 89' lang='lat' dir='ltr'>onus</span> <span class='ocrx_word' id='word_1_46' title='bbox 2713 1094 2776 1145; x_wconf 94' lang='lat' dir='ltr'>et</span> <span class='ocrx_word' id='word_1_47' title='bbox 2806 1105 3170 1165; x_wconf 82' lang='lat' dir='ltr'>gravamen,</span> 
     </span>
     <span class='ocr_line' id='line_1_7' title="bbox 607 1191 3170 1272; baseline 0.001 -22"><span class='ocrx_word' id='word_1_48' title='bbox 607 1198 736 1250; x_wconf 90' lang='lat' dir='ltr'>tam</span> <span class='ocrx_word' id='word_1_49' title='bbox 784 1191 1044 1268; x_wconf 82' lang='lat' dir='ltr'><strong>predicti</strong></span> <span class='ocrx_word' id='word_1_50' title='bbox 1089 1192 1196 1251; x_wconf 87' lang='lat' dir='ltr'>filii</span> <span class='ocrx_word' id='word_1_51' title='bbox 1243 1193 1337 1252; x_wconf 91' lang='lat' dir='ltr'>sui</span> <span class='ocrx_word' id='word_1_52' title='bbox 1386 1212 1576 1270; x_wconf 91' lang='lat' dir='ltr'>quam</span> <span class='ocrx_word' id='word_1_53' title='bbox 1621 1193 1900 1272; x_wconf 90' lang='lat' dir='ltr'>ipsorum</span> <span class='ocrx_word' id='word_1_54' title='bbox 1945 1193 2207 1254; x_wconf 85' lang='lat' dir='ltr'>fratrum</span> <span class='ocrx_word' id='word_1_55' title='bbox 2242 1212 2497 1253; x_wconf 90' lang='lat' dir='ltr'>suorum</span> <span class='ocrx_word' id='word_1_56' title='bbox 2532 1195 2920 1272; x_wconf 85' lang='lat' dir='ltr'>patruelium,</span> <span class='ocrx_word' id='word_1_57' title='bbox 2969 1194 3021 1254; x_wconf 89' lang='lat' dir='ltr'>si</span> <span class='ocrx_word' id='word_1_58' title='bbox 3054 1193 3170 1271; x_wconf 88' lang='lat' dir='ltr'>ipsi</span> 
     </span>
     <span class='ocr_line' id='line_1_8' title="bbox 610 1299 3169 1380; baseline 0.001 -23"><span class='ocrx_word' id='word_1_59' title='bbox 610 1300 1052 1376; x_wconf 90' lang='lat' dir='ltr'>quoquomodo</span> <span class='ocrx_word' id='word_1_60' title='bbox 1097 1299 1285 1359; x_wconf 84' lang='lat' dir='ltr'>futuri</span> <span class='ocrx_word' id='word_1_61' title='bbox 1332 1301 1632 1378; x_wconf 91' lang='lat' dir='ltr'>temporis</span> <span class='ocrx_word' id='word_1_62' title='bbox 1679 1301 1739 1360; x_wconf 91' lang='lat' dir='ltr'>in</span> <span class='ocrx_word' id='word_1_63' title='bbox 1786 1319 2086 1380; x_wconf 89' lang='lat' dir='ltr'>processu</span> <span class='ocrx_word' id='word_1_64' title='bbox 2119 1301 2181 1360; x_wconf 88' lang='lat' dir='ltr'>in</span> <span class='ocrx_word' id='word_1_65' title='bbox 2212 1301 2378 1361; x_wconf 85' lang='lat' dir='ltr'>facto</span> <span class='ocrx_word' id='word_1_66' title='bbox 2412 1300 2804 1380; x_wconf 88' lang='lat' dir='ltr'>infrascripto</span> <span class='ocrx_word' id='word_1_67' title='bbox 2835 1301 3169 1379; x_wconf 84' lang='lat' dir='ltr'>persistere</span> 
     </span>
     <span class='ocr_line' id='line_1_9' title="bbox 606 1406 3166 1487; baseline 0.002 -22"><span class='ocrx_word' id='word_1_68' title='bbox 606 1407 856 1481; x_wconf 88' lang='lat' dir='ltr'>nollent,</span> <span class='ocrx_word' id='word_1_69' title='bbox 903 1406 964 1465; x_wconf 92' lang='lat' dir='ltr'>in</span> <span class='ocrx_word' id='word_1_70' title='bbox 1013 1426 1081 1467; x_wconf 92' lang='lat' dir='ltr'>se</span> <span class='ocrx_word' id='word_1_71' title='bbox 1129 1406 1333 1486; x_wconf 89' lang='lat' dir='ltr'>ipsum</span> <span class='ocrx_word' id='word_1_72' title='bbox 1381 1416 1604 1487; x_wconf 90' lang='lat' dir='ltr'>sponte</span> <span class='ocrx_word' id='word_1_73' title='bbox 1650 1427 1765 1486; x_wconf 91' lang='lat' dir='ltr'>per</span> <span class='ocrx_word' id='word_1_74' title='bbox 1809 1408 2022 1468; x_wconf 89' lang='lat' dir='ltr'>omnia</span> <span class='ocrx_word' id='word_1_75' title='bbox 2090 1427 2545 1487; x_wconf 83' lang='lat' dir='ltr'>assumpmenS,</span> <span class='ocrx_word' id='word_1_76' title='bbox 2609 1409 2688 1468; x_wconf 86' lang='lat' dir='ltr'>ad</span> <span class='ocrx_word' id='word_1_77' title='bbox 2736 1416 3015 1469; x_wconf 90' lang='lat' dir='ltr'>nostram</span> <span class='ocrx_word' id='word_1_78' title='bbox 3059 1428 3166 1469; x_wconf 91' lang='lat' dir='ltr'>ve·</span> 
     </span>
     <span class='ocr_line' id='line_1_10' title="bbox 602 1514 3168 1596; baseline 0.001 -23"><span class='ocrx_word' id='word_1_79' title='bbox 602 1514 782 1575; x_wconf 87' lang='lat' dir='ltr'>niens</span> <span class='ocrx_word' id='word_1_80' title='bbox 830 1515 1240 1592; x_wconf 83' lang='lat' dir='ltr'>presenciam,</span> <span class='ocrx_word' id='word_1_81' title='bbox 1288 1515 1614 1575; x_wconf 81' lang='lat' dir='ltr'>confessus</span> <span class='ocrx_word' id='word_1_82' title='bbox 1663 1524 1760 1576; x_wconf 89' lang='lat' dir='ltr'>est</span> <span class='ocrx_word' id='word_1_83' title='bbox 1803 1515 1865 1575; x_wconf 90' lang='lat' dir='ltr'>in</span> <span class='ocrx_word' id='word_1_84' title='bbox 1898 1517 2065 1576; x_wconf 89' lang='lat' dir='ltr'>hunc</span> <span class='ocrx_word' id='word_1_85' title='bbox 2112 1518 2384 1591; x_wconf 88' lang='lat' dir='ltr'>modum,</span> <span class='ocrx_word' id='word_1_86' title='bbox 2433 1524 2501 1575; x_wconf 91' lang='lat' dir='ltr'>ut</span> <span class='ocrx_word' id='word_1_87' title='bbox 2532 1517 2818 1596; x_wconf 88' lang='lat' dir='ltr'>quamvis</span> <span class='ocrx_word' id='word_1_88' title='bbox 2858 1517 2991 1595; x_wconf 90' lang='lat' dir='ltr'>ipse</span> <span class='ocrx_word' id='word_1_89' title='bbox 3026 1537 3168 1576; x_wconf 92' lang='lat' dir='ltr'>cum</span> 
     </span>
     <span class='ocr_line' id='line_1_11' title="bbox 605 1621 3163 1705; baseline 0.002 -25"><span class='ocrx_word' id='word_1_90' title='bbox 605 1621 834 1701; x_wconf 90' lang='lat' dir='ltr'>Egidio</span> <span class='ocrx_word' id='word_1_91' title='bbox 882 1622 1191 1695; x_wconf 85' lang='lat' dir='ltr'>carnifice,</span> <span class='ocrx_word' id='word_1_92' title='bbox 1237 1622 1363 1682; x_wconf 90' lang='lat' dir='ltr'>filio</span> <span class='ocrx_word' id='word_1_93' title='bbox 1397 1624 1665 1683; x_wconf 88' lang='lat' dir='ltr'>condam</span> <span class='ocrx_word' id='word_1_94' title='bbox 1711 1624 1981 1683; x_wconf 88' lang='lat' dir='ltr'>Emerici</span> <span class='ocrx_word' id='word_1_95' title='bbox 2004 1624 2371 1686; x_wconf 86' lang='lat' dir='ltr'>.Bedoulich</span> <span class='ocrx_word' id='word_1_96' title='bbox 2404 1625 2483 1684; x_wconf 93' lang='lat' dir='ltr'>de</span> <span class='ocrx_word' id='word_1_97' title='bbox 2516 1624 2880 1698; x_wconf 86' lang='lat' dir='ltr'>Moraucha,</span> <span class='ocrx_word' id='word_1_98' title='bbox 2929 1642 3163 1705; x_wconf 87' lang='lat' dir='ltr'>genere</span> 
     </span>
     <span class='ocr_line' id='line_1_12' title="bbox 605 1730 3167 1809; baseline 0.001 -21"><span class='ocrx_word' id='word_1_99' title='bbox 605 1748 757 1789; x_wconf 92' lang='lat' dir='ltr'>vero</span> <span class='ocrx_word' id='word_1_100' title='bbox 805 1730 1072 1789; x_wconf 87' lang='lat' dir='ltr'>condam</span> <span class='ocrx_word' id='word_1_101' title='bbox 1119 1730 1321 1790; x_wconf 85' lang='lat' dir='ltr'>Marci</span> <span class='ocrx_word' id='word_1_102' title='bbox 1367 1731 1608 1809; x_wconf 88' lang='lat' dir='ltr'>supani,</span> <span class='ocrx_word' id='word_1_103' title='bbox 1655 1731 1763 1792; x_wconf 90' lang='lat' dir='ltr'>filii</span> <span class='ocrx_word' id='word_1_104' title='bbox 1796 1731 1944 1791; x_wconf 89' lang='lat' dir='ltr'>olim</span> <span class='ocrx_word' id='word_1_105' title='bbox 1976 1733 2147 1791; x_wconf 90' lang='lat' dir='ltr'>Iwan</span> <span class='ocrx_word' id='word_1_106' title='bbox 2180 1731 2289 1792; x_wconf 89' lang='lat' dir='ltr'>filii</span> <span class='ocrx_word' id='word_1_107' title='bbox 2319 1733 2528 1792; x_wconf 88' lang='lat' dir='ltr'>Laczk</span> <span class='ocrx_word' id='word_1_108' title='bbox 2563 1734 2641 1792; x_wconf 89' lang='lat' dir='ltr'>de</span> <span class='ocrx_word' id='word_1_109' title='bbox 2666 1731 2899 1806; x_wconf 88' lang='lat' dir='ltr'>Mlaka,</span> <span class='ocrx_word' id='word_1_110' title='bbox 2931 1739 2993 1792; x_wconf 91' lang='lat' dir='ltr'>et</span> <span class='ocrx_word' id='word_1_111' title='bbox 3024 1745 3167 1791; x_wconf 88' lang='lat' dir='ltr'>cum</span> 
     </span>
     <span class='ocr_line' id='line_1_13' title="bbox 602 1832 3165 1913; baseline 0.001 -18"><span class='ocrx_word' id='word_1_112' title='bbox 602 1835 812 1896; x_wconf 88' lang='lat' dir='ltr'>Blasio</span> <span class='ocrx_word' id='word_1_113' title='bbox 861 1832 986 1895; x_wconf 73' lang='lat' dir='ltr'>fili&#39;o</span> <span class='ocrx_word' id='word_1_114' title='bbox 1034 1838 1303 1897; x_wconf 89' lang='lat' dir='ltr'>condam</span> <span class='ocrx_word' id='word_1_115' title='bbox 1349 1839 1588 1898; x_wconf 87' lang='lat' dir='ltr'>Mathie</span> <span class='ocrx_word' id='word_1_116' title='bbox 1635 1839 1743 1898; x_wconf 92' lang='lat' dir='ltr'>filii</span> <span class='ocrx_word' id='word_1_117' title='bbox 1787 1839 1991 1899; x_wconf 89' lang='lat' dir='ltr'>Marci</span> <span class='ocrx_word' id='word_1_118' title='bbox 2038 1840 2116 1899; x_wconf 91' lang='lat' dir='ltr'>de</span> <span class='ocrx_word' id='word_1_119' title='bbox 2164 1840 2387 1899; x_wconf 88' lang='lat' dir='ltr'>eadem</span> <span class='ocrx_word' id='word_1_120' title='bbox 2435 1840 2668 1913; x_wconf 88' lang='lat' dir='ltr'>Mlaka,</span> <span class='ocrx_word' id='word_1_121' title='bbox 2717 1859 2793 1900; x_wconf 89' lang='lat' dir='ltr'>ac</span> <span class='ocrx_word' id='word_1_122' title='bbox 2825 1840 3165 1900; x_wconf 89' lang='lat' dir='ltr'>Benedicto</span> 
     </span>
     <span class='ocr_line' id='line_1_14' title="bbox 600 1943 3167 2026; baseline 0.002 -25"><span class='ocrx_word' id='word_1_123' title='bbox 600 1943 885 2022; x_wconf 89' lang='lat' dir='ltr'>Krupich</span> <span class='ocrx_word' id='word_1_124' title='bbox 935 1944 1394 2024; x_wconf 84' lang='lat' dir='ltr'>cognominatO,</span> <span class='ocrx_word' id='word_1_125' title='bbox 1441 1944 1568 2005; x_wconf 89' lang='lat' dir='ltr'>filio</span> <span class='ocrx_word' id='word_1_126' title='bbox 1615 1947 1882 2006; x_wconf 90' lang='lat' dir='ltr'>condam</span> <span class='ocrx_word' id='word_1_127' title='bbox 1927 1946 2098 2006; x_wconf 86' lang='lat' dir='ltr'>Petri</span> <span class='ocrx_word' id='word_1_128' title='bbox 2144 1946 2488 2006; x_wconf 88' lang='lat' dir='ltr'>Zrinschak</span> <span class='ocrx_word' id='word_1_129' title='bbox 2534 1946 2696 2021; x_wconf 86' lang='lat' dir='ltr'>dicti,</span> <span class='ocrx_word' id='word_1_130' title='bbox 2746 1965 2983 2026; x_wconf 89' lang='lat' dir='ltr'>genero</span> <span class='ocrx_word' id='word_1_131' title='bbox 3017 1965 3167 2007; x_wconf 90' lang='lat' dir='ltr'>vero</span> 
     </span>
     <span class='ocr_line' id='line_1_15' title="bbox 605 2037 3164 2132; baseline 0.001 -22"><span class='ocrx_word' id='word_1_132' title='bbox 605 2051 874 2111; x_wconf 88' lang='lat' dir='ltr'>condam</span> <span class='ocrx_word' id='word_1_133' title='bbox 922 2050 1184 2131; x_wconf 77' lang='lat' dir='ltr'>Georgii</span> <span class='ocrx_word' id='word_1_134' title='bbox 1227 2037 1334 2112; x_wconf 75' lang='lat' dir='ltr'>fini</span> <span class='ocrx_word' id='word_1_135' title='bbox 1382 2053 1525 2112; x_wconf 77' lang='lat' dir='ltr'>oiim</span> <span class='ocrx_word' id='word_1_136' title='bbox 1589 2053 1832 2112; x_wconf 78' lang='lat' dir='ltr'>Nicolai</span> <span class='ocrx_word' id='word_1_137' title='bbox 1878 2053 1986 2114; x_wconf 81' lang='lat' dir='ltr'>filii</span> <span class='ocrx_word' id='word_1_138' title='bbox 2048 2052 2268 2132; x_wconf 84' lang='lat' dir='ltr'>prefati</span> <span class='ocrx_word' id='word_1_139' title='bbox 2316 2054 2526 2113; x_wconf 78' lang='lat' dir='ltr'>Laczk</span> <span class='ocrx_word' id='word_1_140' title='bbox 2574 2054 2653 2113; x_wconf 81' lang='lat' dir='ltr'>de</span> <span class='ocrx_word' id='word_1_141' title='bbox 2702 2053 2869 2112; x_wconf 68' lang='lat' dir='ltr'>&lt;ueta</span> <span class='ocrx_word' id='word_1_142' title='bbox 2930 2053 3164 2128; x_wconf 86' lang='lat' dir='ltr'>Mlaka,</span> 
     </span>
     <span class='ocr_line' id='line_1_16' title="bbox 603 2159 3165 2238; baseline 0 -20"><span class='ocrx_word' id='word_1_143' title='bbox 603 2166 667 2218; x_wconf 89' lang='lat' dir='ltr'>et</span> <span class='ocrx_word' id='word_1_144' title='bbox 713 2178 854 2219; x_wconf 90' lang='lat' dir='ltr'>cum</span> <span class='ocrx_word' id='word_1_145' title='bbox 903 2160 1038 2220; x_wconf 88' lang='lat' dir='ltr'>aliis</span> <span class='ocrx_word' id='word_1_146' title='bbox 1085 2159 1374 2220; x_wconf 90' lang='lat' dir='ltr'>omnibus</span> <span class='ocrx_word' id='word_1_147' title='bbox 1421 2159 1730 2220; x_wconf 90' lang='lat' dir='ltr'>nobilibus</span> <span class='ocrx_word' id='word_1_148' title='bbox 1778 2161 1857 2220; x_wconf 90' lang='lat' dir='ltr'>de</span> <span class='ocrx_word' id='word_1_149' title='bbox 1905 2160 2129 2220; x_wconf 86' lang='lat' dir='ltr'>eadem</span> <span class='ocrx_word' id='word_1_150' title='bbox 2178 2160 2411 2233; x_wconf 87' lang='lat' dir='ltr'>Mlaka,</span> <span class='ocrx_word' id='word_1_151' title='bbox 2473 2179 2586 2238; x_wconf 92' lang='lat' dir='ltr'>pro</span> <span class='ocrx_word' id='word_1_152' title='bbox 2634 2159 2815 2220; x_wconf 91' lang='lat' dir='ltr'>metis</span> <span class='ocrx_word' id='word_1_153' title='bbox 2863 2159 3165 2236; x_wconf 87' lang='lat' dir='ltr'>possessi-</span> 
     </span>
     <span class='ocr_line' id='line_1_17' title="bbox 604 2267 3167 2346; baseline 0 -20"><span class='ocrx_word' id='word_1_154' title='bbox 604 2267 836 2327; x_wconf 90' lang='lat' dir='ltr'>onariis</span> <span class='ocrx_word' id='word_1_155' title='bbox 882 2268 1043 2328; x_wconf 91' lang='lat' dir='ltr'>inter</span> <span class='ocrx_word' id='word_1_156' title='bbox 1104 2268 1537 2346; x_wconf 90' lang='lat' dir='ltr'>possessiones</span> <span class='ocrx_word' id='word_1_157' title='bbox 1601 2287 1818 2328; x_wconf 89' lang='lat' dir='ltr'>eorum</span> <span class='ocrx_word' id='word_1_158' title='bbox 1863 2269 2111 2343; x_wconf 84' lang='lat' dir='ltr'>habitis,</span> <span class='ocrx_word' id='word_1_159' title='bbox 2156 2268 2311 2341; x_wconf 85' lang='lat' dir='ltr'>lites,</span> <span class='ocrx_word' id='word_1_160' title='bbox 2356 2267 2699 2328; x_wconf 88' lang='lat' dir='ltr'>discordias</span> <span class='ocrx_word' id='word_1_161' title='bbox 2762 2275 2826 2326; x_wconf 91' lang='lat' dir='ltr'>et</span> <span class='ocrx_word' id='word_1_162' title='bbox 2878 2267 3043 2327; x_wconf 89' lang='lat' dir='ltr'>rixas</span> <span class='ocrx_word' id='word_1_163' title='bbox 3092 2285 3167 2326; x_wconf 89' lang='lat' dir='ltr'>ac</span> 
     </span>
     <span class='ocr_line' id='line_1_18' title="bbox 599 2374 3163 2453; baseline 0 -20"><span class='ocrx_word' id='word_1_164' title='bbox 599 2376 1058 2436; x_wconf 88' lang='lat' dir='ltr'>controversias</span> <span class='ocrx_word' id='word_1_165' title='bbox 1122 2375 1333 2453; x_wconf 91' lang='lat' dir='ltr'>sepius</span> <span class='ocrx_word' id='word_1_166' title='bbox 1395 2377 1660 2436; x_wconf 91' lang='lat' dir='ltr'>moverit</span> <span class='ocrx_word' id='word_1_167' title='bbox 1720 2385 1784 2436; x_wconf 92' lang='lat' dir='ltr'>et</span> <span class='ocrx_word' id='word_1_168' title='bbox 1841 2376 2131 2436; x_wconf 88' lang='lat' dir='ltr'>habuerit</span> <span class='ocrx_word' id='word_1_169' title='bbox 2196 2375 2533 2450; x_wconf 88' lang='lat' dir='ltr'>accionem,</span> <span class='ocrx_word' id='word_1_170' title='bbox 2597 2375 2744 2453; x_wconf 85' lang='lat' dir='ltr'>quia</span> <span class='ocrx_word' id='word_1_171' title='bbox 2807 2375 2939 2452; x_wconf 91' lang='lat' dir='ltr'>ipse</span> <span class='ocrx_word' id='word_1_172' title='bbox 2999 2374 3163 2433; x_wconf 89' lang='lat' dir='ltr'>idem</span> 
     </span>
     <span class='ocr_line' id='line_1_19' title="bbox 605 2481 3165 2564; baseline 0 -23"><span class='ocrx_word' id='word_1_173' title='bbox 605 2481 902 2543; x_wconf 90' lang='lat' dir='ltr'>Clemens</span> <span class='ocrx_word' id='word_1_174' title='bbox 950 2502 1182 2560; x_wconf 89' lang='lat' dir='ltr'>parvus</span> <span class='ocrx_word' id='word_1_175' title='bbox 1231 2502 1270 2542; x_wconf 92' lang='lat' dir='ltr'>a</span> <span class='ocrx_word' id='word_1_176' title='bbox 1317 2483 1610 2564; x_wconf 52' lang='lat' dir='ltr'>pluribus⁶</span> <span class='ocrx_word' id='word_1_177' title='bbox 1659 2484 1969 2544; x_wconf 88' lang='lat' dir='ltr'>nobilibus</span> <span class='ocrx_word' id='word_1_178' title='bbox 2016 2484 2359 2562; x_wconf 88' lang='lat' dir='ltr'>vicinisque</span> <span class='ocrx_word' id='word_1_179' title='bbox 2408 2492 2471 2544; x_wconf 90' lang='lat' dir='ltr'>et</span> <span class='ocrx_word' id='word_1_180' title='bbox 2518 2482 2982 2553; x_wconf 75' lang='lat' dir='ltr'>commetaneiS,</span> <span class='ocrx_word' id='word_1_181' title='bbox 3036 2491 3165 2541; x_wconf 86' lang='lat' dir='ltr'>tam</span> 
     </span>
     <span class='ocr_line' id='line_1_20' title="bbox 603 2563 3165 2669; baseline -0.001 -19"><span class='ocrx_word' id='word_1_182' title='bbox 603 2589 732 2650; x_wconf 89' lang='lat' dir='ltr'>suis</span> <span class='ocrx_word' id='word_1_183' title='bbox 801 2609 992 2669; x_wconf 89' lang='lat' dir='ltr'>quam</span> <span class='ocrx_word' id='word_1_184' title='bbox 1052 2591 1329 2669; x_wconf 88' lang='lat' dir='ltr'>ipsorum</span> <span class='ocrx_word' id='word_1_185' title='bbox 1391 2590 1688 2651; x_wconf 86' lang='lat' dir='ltr'>nobilium</span> <span class='ocrx_word' id='word_1_186' title='bbox 1735 2592 1814 2651; x_wconf 93' lang='lat' dir='ltr'>de</span> <span class='ocrx_word' id='word_1_187' title='bbox 1878 2591 2047 2651; x_wconf 91' lang='lat' dir='ltr'>dicta</span> <span class='ocrx_word' id='word_1_188' title='bbox 2106 2592 2339 2666; x_wconf 86' lang='lat' dir='ltr'>Mlaka,</span> <span class='ocrx_word' id='word_1_189' title='bbox 2400 2591 2466 2650; x_wconf 86' lang='lat' dir='ltr'>id</span> <span class='ocrx_word' id='word_1_190' title='bbox 2512 2591 2819 2651; x_wconf 90' lang='lat' dir='ltr'>veraciter</span> <span class='ocrx_word' id='word_1_191' title='bbox 2882 2563 3165 2669; x_wconf 77' lang='lat' dir='ltr'>diligenti</span> 
     </span>
     <span class='ocr_line' id='line_1_21' title="bbox 603 2696 3166 2778; baseline -0.001 -20"><span class='ocrx_word' id='word_1_192' title='bbox 603 2697 1032 2758; x_wconf 86' lang='lat' dir='ltr'>sciscitacione</span> <span class='ocrx_word' id='word_1_193' title='bbox 1081 2706 1144 2758; x_wconf 93' lang='lat' dir='ltr'>et</span> <span class='ocrx_word' id='word_1_194' title='bbox 1189 2698 1682 2778; x_wconf 89' lang='lat' dir='ltr'>investigacione</span> <span class='ocrx_word' id='word_1_195' title='bbox 1731 2701 2057 2778; x_wconf 87' lang='lat' dir='ltr'>prehabita</span> <span class='ocrx_word' id='word_1_196' title='bbox 2105 2699 2356 2759; x_wconf 86' lang='lat' dir='ltr'>rescivit</span> <span class='ocrx_word' id='word_1_197' title='bbox 2404 2707 2591 2777; x_wconf 92' lang='lat' dir='ltr'>atque</span> <span class='ocrx_word' id='word_1_198' title='bbox 2656 2696 3041 2777; x_wconf 84' lang='lat' dir='ltr'>recognovit,-</span> <span class='ocrx_word' id='word_1_199' title='bbox 3100 2706 3166 2756; x_wconf 88' lang='lat' dir='ltr'>ut</span> 
     </span>
     <span class='ocr_line' id='line_1_22' title="bbox 608 2803 3162 2885; baseline -0 -21"><span class='ocrx_word' id='word_1_200' title='bbox 608 2814 772 2865; x_wconf 90' lang='lat' dir='ltr'>mete</span> <span class='ocrx_word' id='word_1_201' title='bbox 819 2805 1206 2884; x_wconf 89' lang='lat' dir='ltr'>infrascripte</span> <span class='ocrx_word' id='word_1_202' title='bbox 1255 2825 1504 2884; x_wconf 89' lang='lat' dir='ltr'>semper</span> <span class='ocrx_word' id='word_1_203' title='bbox 1550 2815 1613 2867; x_wconf 94' lang='lat' dir='ltr'>et</span> <span class='ocrx_word' id='word_1_204' title='bbox 1659 2806 1739 2866; x_wconf 91' lang='lat' dir='ltr'>ab</span> <span class='ocrx_word' id='word_1_205' title='bbox 1789 2806 2044 2885; x_wconf 92' lang='lat' dir='ltr'>antiquo</span> <span class='ocrx_word' id='word_1_206' title='bbox 2092 2808 2170 2868; x_wconf 92' lang='lat' dir='ltr'>de</span> <span class='ocrx_word' id='word_1_207' title='bbox 2218 2805 2521 2866; x_wconf 88' lang='lat' dir='ltr'>memoria</span> <span class='ocrx_word' id='word_1_208' title='bbox 2566 2805 2887 2866; x_wconf 82' lang='lat' dir='ltr'>hominum</span> <span class='ocrx_word' id='word_1_209' title='bbox 2933 2803 3162 2865; x_wconf 77' lang='lat' dir='ltr'>tuerint</span> 
     </span>
     <span class='ocr_line' id='line_1_23' title="bbox 603 2913 3165 2992; baseline 0 -20"><span class='ocrx_word' id='word_1_210' title='bbox 603 2933 752 2973; x_wconf 92' lang='lat' dir='ltr'>vere</span> <span class='ocrx_word' id='word_1_211' title='bbox 846 2921 908 2974; x_wconf 88' lang='lat' dir='ltr'>et</span> <span class='ocrx_word' id='word_1_212' title='bbox 955 2913 1207 2992; x_wconf 89' lang='lat' dir='ltr'>antique</span> <span class='ocrx_word' id='word_1_213' title='bbox 1269 2923 1434 2974; x_wconf 90' lang='lat' dir='ltr'>mete</span> <span class='ocrx_word' id='word_1_214' title='bbox 1502 2915 1844 2975; x_wconf 89' lang='lat' dir='ltr'>eorundem</span> <span class='ocrx_word' id='word_1_215' title='bbox 1907 2915 2205 2974; x_wconf 90' lang='lat' dir='ltr'>nobilium</span> <span class='ocrx_word' id='word_1_216' title='bbox 2270 2915 2348 2975; x_wconf 93' lang='lat' dir='ltr'>de</span> <span class='ocrx_word' id='word_1_217' title='bbox 2407 2915 2651 2992; x_wconf 70' lang='lat' dir='ltr'>prefata</span> <span class='ocrx_word' id='word_1_218' title='bbox 2696 2913 2928 2987; x_wconf 88' lang='lat' dir='ltr'>Mlaka,</span> <span class='ocrx_word' id='word_1_219' title='bbox 2978 2921 3040 2972; x_wconf 92' lang='lat' dir='ltr'>et</span> <span class='ocrx_word' id='word_1_220' title='bbox 3084 2913 3165 2972; x_wconf 92' lang='lat' dir='ltr'>ob</span> 
     </span>
     <span class='ocr_line' id='line_1_24' title="bbox 600 3021 3164 3101; baseline -0 -21"><span class='ocrx_word' id='word_1_221' title='bbox 600 3022 721 3081; x_wconf 87' lang='lat' dir='ltr'>hoc</span> <span class='ocrx_word' id='word_1_222' title='bbox 768 3040 842 3081; x_wconf 88' lang='lat' dir='ltr'>ac</span> <span class='ocrx_word' id='word_1_223' title='bbox 889 3029 1183 3100; x_wconf 88' lang='lat' dir='ltr'>proptera</span> <span class='ocrx_word' id='word_1_224' title='bbox 1229 3021 1362 3100; x_wconf 89' lang='lat' dir='ltr'>ipse</span> <span class='ocrx_word' id='word_1_225' title='bbox 1411 3021 1707 3082; x_wconf 89' lang='lat' dir='ltr'>Clemens</span> <span class='ocrx_word' id='word_1_226' title='bbox 1754 3041 2006 3101; x_wconf 74' lang='lat' dir='ltr'>parvuS,</span> <span class='ocrx_word' id='word_1_227' title='bbox 2054 3022 2113 3081; x_wconf 92' lang='lat' dir='ltr'>in</span> <span class='ocrx_word' id='word_1_228' title='bbox 2163 3021 2447 3100; x_wconf 85' lang='lat' dir='ltr'>personis</span> <span class='ocrx_word' id='word_1_229' title='bbox 2479 3040 2745 3100; x_wconf 89' lang='lat' dir='ltr'>quorum</span> <span class='ocrx_word' id='word_1_230' title='bbox 2778 3039 2984 3098; x_wconf 88' lang='lat' dir='ltr'>supra,</span> <span class='ocrx_word' id='word_1_231' title='bbox 3018 3038 3164 3079; x_wconf 91' lang='lat' dir='ltr'>one-</span> 
     </span>
     <span class='ocr_line' id='line_1_25' title="bbox 603 3127 3167 3208; baseline -0.001 -20"><span class='ocrx_word' id='word_1_232' title='bbox 603 3128 774 3188; x_wconf 89' lang='lat' dir='ltr'>ribus</span> <span class='ocrx_word' id='word_1_233' title='bbox 821 3138 882 3188; x_wconf 85' lang='lat' dir='ltr'>et</span> <span class='ocrx_word' id='word_1_234' title='bbox 948 3129 1420 3208; x_wconf 90' lang='lat' dir='ltr'>gravaminibus</span> <span class='ocrx_word' id='word_1_235' title='bbox 1488 3149 1701 3189; x_wconf 90' lang='lat' dir='ltr'>eorum</span> <span class='ocrx_word' id='word_1_236' title='bbox 1770 3129 1829 3188; x_wconf 91' lang='lat' dir='ltr'>in</span> <span class='ocrx_word' id='word_1_237' title='bbox 1894 3148 1965 3188; x_wconf 90' lang='lat' dir='ltr'>se</span> <span class='ocrx_word' id='word_1_238' title='bbox 2028 3128 2199 3207; x_wconf 90' lang='lat' dir='ltr'>ipum</span> <span class='ocrx_word' id='word_1_239' title='bbox 2246 3137 2485 3207; x_wconf 91' lang='lat' dir='ltr'>sponte,</span> <span class='ocrx_word' id='word_1_240' title='bbox 2552 3136 2619 3187; x_wconf 89' lang='lat' dir='ltr'>ut</span> <span class='ocrx_word' id='word_1_241' title='bbox 2672 3127 3008 3206; x_wconf 87' lang='lat' dir='ltr'>predicitur</span> <span class='ocrx_word' id='word_1_242' title='bbox 3054 3146 3167 3205; x_wconf 92' lang='lat' dir='ltr'>per</span> 
     </span>
     <span class='ocr_line' id='line_1_26' title="bbox 607 3232 3162 3315; baseline -0.001 -21"><span class='ocrx_word' id='word_1_243' title='bbox 607 3235 814 3294; x_wconf 89' lang='lat' dir='ltr'>omnia</span> <span class='ocrx_word' id='word_1_244' title='bbox 852 3236 1206 3314; x_wconf 85' lang='lat' dir='ltr'>assumptis,</span> <span class='ocrx_word' id='word_1_245' title='bbox 1253 3236 1613 3313; x_wconf 91' lang='lat' dir='ltr'>compositis</span> <span class='ocrx_word' id='word_1_246' title='bbox 1647 3244 1709 3296; x_wconf 92' lang='lat' dir='ltr'>et</span> <span class='ocrx_word' id='word_1_247' title='bbox 1741 3236 2058 3315; x_wconf 82' lang='lat' dir='ltr'>depositiS,</span> <span class='ocrx_word' id='word_1_248' title='bbox 2106 3255 2181 3296; x_wconf 89' lang='lat' dir='ltr'>ac</span> <span class='ocrx_word' id='word_1_249' title='bbox 2215 3236 2472 3297; x_wconf 88' lang='lat' dir='ltr'>abiectis</span> <span class='ocrx_word' id='word_1_250' title='bbox 2505 3235 2792 3295; x_wconf 89' lang='lat' dir='ltr'>omnibus</span> <span class='ocrx_word' id='word_1_251' title='bbox 2824 3232 2987 3308; x_wconf 80' lang='lat' dir='ltr'>rixiS‚</span> <span class='ocrx_word' id='word_1_252' title='bbox 3019 3253 3162 3293; x_wconf 91' lang='lat' dir='ltr'>con-</span> 
     </span>
     <span class='ocr_line' id='line_1_27' title="bbox 602 3341 3163 3421; baseline -0 -21"><span class='ocrx_word' id='word_1_253' title='bbox 602 3342 1010 3417; x_wconf 88' lang='lat' dir='ltr'>tencionibus,</span> <span class='ocrx_word' id='word_1_254' title='bbox 1059 3342 1385 3402; x_wconf 89' lang='lat' dir='ltr'>discordiis</span> <span class='ocrx_word' id='word_1_255' title='bbox 1419 3351 1482 3402; x_wconf 93' lang='lat' dir='ltr'>et</span> <span class='ocrx_word' id='word_1_256' title='bbox 1511 3342 1718 3403; x_wconf 91' lang='lat' dir='ltr'>litibus</span> <span class='ocrx_word' id='word_1_257' title='bbox 1753 3351 1939 3421; x_wconf 88' lang='lat' dir='ltr'>atque</span> <span class='ocrx_word' id='word_1_258' title='bbox 1989 3343 2444 3417; x_wconf 83' lang='lat' dir='ltr'>controversiiS,</span> <span class='ocrx_word' id='word_1_259' title='bbox 2479 3361 2637 3421; x_wconf 90' lang='lat' dir='ltr'>quas</span> <span class='ocrx_word' id='word_1_260' title='bbox 2670 3342 2835 3401; x_wconf 91' lang='lat' dir='ltr'>idem</span> <span class='ocrx_word' id='word_1_261' title='bbox 2868 3341 3163 3400; x_wconf 89' lang='lat' dir='ltr'>Clemens</span> 
     </span>
     <span class='ocr_line' id='line_1_28' title="bbox 600 3449 3163 3528; baseline -0 -19"><span class='ocrx_word' id='word_1_262' title='bbox 600 3468 834 3527; x_wconf 89' lang='lat' dir='ltr'>parvus</span> <span class='ocrx_word' id='word_1_263' title='bbox 867 3469 1023 3510; x_wconf 90' lang='lat' dir='ltr'>-cum</span> <span class='ocrx_word' id='word_1_264' title='bbox 1070 3450 1326 3528; x_wconf 88' lang='lat' dir='ltr'>prefatis</span> <span class='ocrx_word' id='word_1_265' title='bbox 1387 3449 1696 3509; x_wconf 91' lang='lat' dir='ltr'>nobilibus</span> <span class='ocrx_word' id='word_1_266' title='bbox 1746 3450 1824 3510; x_wconf 92' lang='lat' dir='ltr'>de</span> <span class='ocrx_word' id='word_1_267' title='bbox 1871 3449 2041 3509; x_wconf 93' lang='lat' dir='ltr'>dicta</span> <span class='ocrx_word' id='word_1_268' title='bbox 2106 3451 2321 3510; x_wconf 87' lang='lat' dir='ltr'>Mlaka</span> <span class='ocrx_word' id='word_1_269' title='bbox 2386 3450 2635 3510; x_wconf 88' lang='lat' dir='ltr'>racione</span> <span class='ocrx_word' id='word_1_270' title='bbox 2682 3450 2988 3509; x_wconf 90' lang='lat' dir='ltr'>dictarum</span> <span class='ocrx_word' id='word_1_271' title='bbox 3034 3468 3163 3509; x_wconf 92' lang='lat' dir='ltr'>me-</span> 
     </span>
     <span class='ocr_line' id='line_1_29' title="bbox 600 3556 3164 3636; baseline 0 -21"><span class='ocrx_word' id='word_1_272' title='bbox 600 3565 804 3616; x_wconf 89' lang='lat' dir='ltr'>tarum</span> <span class='ocrx_word' id='word_1_273' title='bbox 875 3559 1198 3635; x_wconf 88' lang='lat' dir='ltr'>hucusque</span> <span class='ocrx_word' id='word_1_274' title='bbox 1268 3577 1380 3617; x_wconf 92' lang='lat' dir='ltr'>seu</span> <span class='ocrx_word' id='word_1_275' title='bbox 1451 3576 1648 3636; x_wconf 91' lang='lat' dir='ltr'>usque</span> <span class='ocrx_word' id='word_1_276' title='bbox 1713 3557 1795 3616; x_wconf 87' lang='lat' dir='ltr'>ad</span> <span class='ocrx_word' id='word_1_277' title='bbox 1863 3557 1980 3618; x_wconf 92' lang='lat' dir='ltr'>hec</span> <span class='ocrx_word' id='word_1_278' title='bbox 2040 3565 2325 3636; x_wconf 91' lang='lat' dir='ltr'>tempora</span> <span class='ocrx_word' id='word_1_279' title='bbox 2391 3557 2613 3636; x_wconf 89' lang='lat' dir='ltr'>quovis</span> <span class='ocrx_word' id='word_1_280' title='bbox 2678 3557 2865 3616; x_wconf 91' lang='lat' dir='ltr'>modo</span> <span class='ocrx_word' id='word_1_281' title='bbox 2928 3556 3164 3630; x_wconf 89' lang='lat' dir='ltr'>habuit,</span> 
     </span>
     <span class='ocr_line' id='line_1_30' title="bbox 601 3663 3156 3744; baseline -0.001 -20"><span class='ocrx_word' id='word_1_282' title='bbox 601 3665 799 3724; x_wconf 91' lang='lat' dir='ltr'>tenuit</span> <span class='ocrx_word' id='word_1_283' title='bbox 847 3673 910 3724; x_wconf 81' lang='lat' dir='ltr'>et</span> <span class='ocrx_word' id='word_1_284' title='bbox 951 3663 1269 3744; x_wconf 85' lang='lat' dir='ltr'>protraxit,</span> <span class='ocrx_word' id='word_1_285' title='bbox 1318 3683 1552 3743; x_wconf 89' lang='lat' dir='ltr'>easque</span> <span class='ocrx_word' id='word_1_286' title='bbox 1600 3673 1800 3724; x_wconf 89' lang='lat' dir='ltr'>metas</span> <span class='ocrx_word' id='word_1_287' title='bbox 1847 3664 2274 3742; x_wconf 87' lang='lat' dir='ltr'>infrascriptas</span> <span class='ocrx_word' id='word_1_288' title='bbox 2334 3674 2657 3744; x_wconf 90' lang='lat' dir='ltr'>tamquam</span> <span class='ocrx_word' id='word_1_289' title='bbox 2706 3683 2890 3723; x_wconf 90' lang='lat' dir='ltr'>veras</span> <span class='ocrx_word' id='word_1_290' title='bbox 2940 3673 3001 3723; x_wconf 93' lang='lat' dir='ltr'>et</span> <span class='ocrx_word' id='word_1_291' title='bbox 3049 3681 3156 3722; x_wconf 86' lang='lat' dir='ltr'>an-</span> 
     </span>
     <span class='ocr_line' id='line_1_31' title="bbox 599 3770 3159 3850; baseline -0 -20"><span class='ocrx_word' id='word_1_292' title='bbox 599 3771 806 3850; x_wconf 89' lang='lat' dir='ltr'>tiquas</span> <span class='ocrx_word' id='word_1_293' title='bbox 854 3791 930 3832; x_wconf 88' lang='lat' dir='ltr'>ac</span> <span class='ocrx_word' id='word_1_294' title='bbox 982 3771 1097 3831; x_wconf 90' lang='lat' dir='ltr'>iuri</span> <span class='ocrx_word' id='word_1_295' title='bbox 1160 3771 1355 3830; x_wconf 91' lang='lat' dir='ltr'>iustas</span> <span class='ocrx_word' id='word_1_296' title='bbox 1425 3781 1626 3831; x_wconf 85' lang='lat' dir='ltr'>metas</span> <span class='ocrx_word' id='word_1_297' title='bbox 1697 3771 2039 3831; x_wconf 89' lang='lat' dir='ltr'>eorundem</span> <span class='ocrx_word' id='word_1_298' title='bbox 2102 3771 2399 3831; x_wconf 90' lang='lat' dir='ltr'>nobilium</span> <span class='ocrx_word' id='word_1_299' title='bbox 2460 3772 2537 3831; x_wconf 93' lang='lat' dir='ltr'>de</span> <span class='ocrx_word' id='word_1_300' title='bbox 2585 3771 2866 3849; x_wconf 89' lang='lat' dir='ltr'>predicta</span> <span class='ocrx_word' id='word_1_301' title='bbox 2927 3770 3159 3843; x_wconf 89' lang='lat' dir='ltr'>Mlaka,</span> 
     </span>
     <span class='ocr_line' id='line_1_32' title="bbox 600 3877 3165 3957; baseline -0 -19"><span class='ocrx_word' id='word_1_302' title='bbox 600 3879 838 3939; x_wconf 90' lang='lat' dir='ltr'>eisdem</span> <span class='ocrx_word' id='word_1_303' title='bbox 887 3878 1194 3938; x_wconf 90' lang='lat' dir='ltr'>nobilibus</span> <span class='ocrx_word' id='word_1_304' title='bbox 1241 3879 1319 3938; x_wconf 90' lang='lat' dir='ltr'>de</span> <span class='ocrx_word' id='word_1_305' title='bbox 1371 3880 1594 3939; x_wconf 90' lang='lat' dir='ltr'>eadem</span> <span class='ocrx_word' id='word_1_306' title='bbox 1659 3879 1892 3954; x_wconf 89' lang='lat' dir='ltr'>Mlaka,</span> <span class='ocrx_word' id='word_1_307' title='bbox 1941 3898 2017 3939; x_wconf 90' lang='lat' dir='ltr'>ac</span> <span class='ocrx_word' id='word_1_308' title='bbox 2063 3898 2177 3957; x_wconf 90' lang='lat' dir='ltr'>per</span> <span class='ocrx_word' id='word_1_309' title='bbox 2222 3898 2332 3939; x_wconf 91' lang='lat' dir='ltr'>eos</span> <span class='ocrx_word' id='word_1_310' title='bbox 2396 3879 2671 3957; x_wconf 89' lang='lat' dir='ltr'>ipsorum</span> <span class='ocrx_word' id='word_1_311' title='bbox 2718 3877 3054 3939; x_wconf 90' lang='lat' dir='ltr'>heredibus</span> <span class='ocrx_word' id='word_1_312' title='bbox 3102 3887 3165 3938; x_wconf 93' lang='lat' dir='ltr'>et</span> 
     </span>
     <span class='ocr_line' id='line_1_33' title="bbox 606 3985 3159 4065; baseline -0 -20"><span class='ocrx_word' id='word_1_313' title='bbox 606 3986 882 4065; x_wconf 92' lang='lat' dir='ltr'>prolibus</span> <span class='ocrx_word' id='word_1_314' title='bbox 931 4005 1007 4046; x_wconf 91' lang='lat' dir='ltr'>ac</span> <span class='ocrx_word' id='word_1_315' title='bbox 1053 3986 1518 4065; x_wconf 88' lang='lat' dir='ltr'>posteritatibus</span> <span class='ocrx_word' id='word_1_316' title='bbox 1567 3985 1876 4046; x_wconf 90' lang='lat' dir='ltr'>universis</span> <span class='ocrx_word' id='word_1_317' title='bbox 1923 3986 2057 4046; x_wconf 91' lang='lat' dir='ltr'>iure</span> <span class='ocrx_word' id='word_1_318' title='bbox 2105 3995 2407 4065; x_wconf 90' lang='lat' dir='ltr'>perpetuo</span> <span class='ocrx_word' id='word_1_319' title='bbox 2440 3995 2503 4046; x_wconf 91' lang='lat' dir='ltr'>et</span> <span class='ocrx_word' id='word_1_320' title='bbox 2534 3986 3020 4046; x_wconf 88' lang='lat' dir='ltr'>irrevocabiliter</span> <span class='ocrx_word' id='word_1_321' title='bbox 3066 4005 3159 4045; x_wconf 92' lang='lat' dir='ltr'>re·</span> 
     </span>
     <span class='ocr_line' id='line_1_34' title="bbox 600 4093 3161 4174; baseline -0.001 -20"><span class='ocrx_word' id='word_1_322' title='bbox 600 4095 767 4154; x_wconf 91' lang='lat' dir='ltr'>misit</span> <span class='ocrx_word' id='word_1_323' title='bbox 813 4103 876 4154; x_wconf 94' lang='lat' dir='ltr'>et</span> <span class='ocrx_word' id='word_1_324' title='bbox 921 4093 1282 4174; x_wconf 87' lang='lat' dir='ltr'>resignavit,</span> <span class='ocrx_word' id='word_1_325' title='bbox 1347 4113 1423 4154; x_wconf 92' lang='lat' dir='ltr'>ac</span> <span class='ocrx_word' id='word_1_326' title='bbox 1476 4094 1722 4172; x_wconf 87' lang='lat' dir='ltr'>penitus</span> <span class='ocrx_word' id='word_1_327' title='bbox 1771 4103 1834 4154; x_wconf 91' lang='lat' dir='ltr'>et</span> <span class='ocrx_word' id='word_1_328' title='bbox 1879 4095 1940 4154; x_wconf 91' lang='lat' dir='ltr'>in</span> <span class='ocrx_word' id='word_1_329' title='bbox 2004 4103 2133 4154; x_wconf 92' lang='lat' dir='ltr'>toto</span> <span class='ocrx_word' id='word_1_330' title='bbox 2197 4095 2587 4154; x_wconf 86' lang='lat' dir='ltr'>confirmavit</span> <span class='ocrx_word' id='word_1_331' title='bbox 2645 4095 2779 4154; x_wconf 90' lang='lat' dir='ltr'>iure</span> <span class='ocrx_word' id='word_1_332' title='bbox 2842 4093 3161 4172; x_wconf 90' lang='lat' dir='ltr'>perennali</span> 
     </span>
     <span class='ocr_line' id='line_1_35' title="bbox 599 4201 3155 4280; baseline -0.001 -18"><span class='ocrx_word' id='word_1_333' title='bbox 599 4203 940 4280; x_wconf 89' lang='lat' dir='ltr'>possidere,</span> <span class='ocrx_word' id='word_1_334' title='bbox 988 4211 1202 4262; x_wconf 90' lang='lat' dir='ltr'>tenere</span> <span class='ocrx_word' id='word_1_335' title='bbox 1249 4202 1480 4280; x_wconf 87' lang='lat' dir='ltr'>pariter</span> <span class='ocrx_word' id='word_1_336' title='bbox 1513 4210 1575 4262; x_wconf 93' lang='lat' dir='ltr'>et</span> <span class='ocrx_word' id='word_1_337' title='bbox 1605 4201 1857 4276; x_wconf 91' lang='lat' dir='ltr'>habere,</span> <span class='ocrx_word' id='word_1_338' title='bbox 1890 4201 2389 4262; x_wconf 87' lang='lat' dir='ltr'>contradiccione</span> <span class='ocrx_word' id='word_1_339' title='bbox 2437 4202 2851 4280; x_wconf 92' lang='lat' dir='ltr'>quorumlibet</span> <span class='ocrx_word' id='word_1_340' title='bbox 2890 4221 3015 4261; x_wconf 90' lang='lat' dir='ltr'>non</span> <span class='ocrx_word' id='word_1_341' title='bbox 3048 4201 3155 4260; x_wconf 91' lang='lat' dir='ltr'>ob-</span> 
     </span>
     <span class='ocr_line' id='line_1_36' title="bbox 609 4308 3159 4390; baseline 0 -22"><span class='ocrx_word' id='word_1_342' title='bbox 609 4318 846 4385; x_wconf 88' lang='lat' dir='ltr'>stante;</span> <span class='ocrx_word' id='word_1_343' title='bbox 914 4318 976 4370; x_wconf 90' lang='lat' dir='ltr'>et</span> <span class='ocrx_word' id='word_1_344' title='bbox 1040 4329 1304 4390; x_wconf 87' lang='lat' dir='ltr'>quarum</span> <span class='ocrx_word' id='word_1_345' title='bbox 1367 4309 1618 4389; x_wconf 82' lang='lat' dir='ltr'>quidem</span> <span class='ocrx_word' id='word_1_346' title='bbox 1683 4317 1993 4369; x_wconf 86' lang='lat' dir='ltr'>metarum</span> <span class='ocrx_word' id='word_1_347' title='bbox 2054 4309 2255 4389; x_wconf 91' lang='lat' dir='ltr'>prima</span> <span class='ocrx_word' id='word_1_348' title='bbox 2316 4317 2486 4369; x_wconf 93' lang='lat' dir='ltr'>meta</span> <span class='ocrx_word' id='word_1_349' title='bbox 2546 4308 2760 4387; x_wconf 91' lang='lat' dir='ltr'>incipit</span> <span class='ocrx_word' id='word_1_350' title='bbox 2822 4328 2860 4369; x_wconf 92' lang='lat' dir='ltr'>a</span> <span class='ocrx_word' id='word_1_351' title='bbox 2917 4309 3159 4369; x_wconf 89' lang='lat' dir='ltr'>duabus</span> 
     </span>
     <span class='ocr_line' id='line_1_37' title="bbox 602 4416 3159 4496; baseline 0 -21"><span class='ocrx_word' id='word_1_352' title='bbox 602 4417 960 4494; x_wconf 90' lang='lat' dir='ltr'>quercubus</span> <span class='ocrx_word' id='word_1_353' title='bbox 1024 4417 1356 4478; x_wconf 90' lang='lat' dir='ltr'>metalibus</span> <span class='ocrx_word' id='word_1_354' title='bbox 1406 4437 1444 4478; x_wconf 89' lang='lat' dir='ltr'>a</span> <span class='ocrx_word' id='word_1_355' title='bbox 1489 4417 1832 4477; x_wconf 84' lang='lat' dir='ltr'>meridione</span> <span class='ocrx_word' id='word_1_356' title='bbox 1892 4417 1954 4476; x_wconf 89' lang='lat' dir='ltr'>in</span> <span class='ocrx_word' id='word_1_357' title='bbox 2001 4417 2281 4496; x_wconf 88' lang='lat' dir='ltr'>predicta</span> <span class='ocrx_word' id='word_1_358' title='bbox 2330 4417 2473 4477; x_wconf 93' lang='lat' dir='ltr'>villa</span> <span class='ocrx_word' id='word_1_359' title='bbox 2527 4416 2745 4476; x_wconf 84' lang='lat' dir='ltr'>Mlaka</span> <span class='ocrx_word' id='word_1_360' title='bbox 2790 4425 3018 4477; x_wconf 90' lang='lat' dir='ltr'>vocata</span> <span class='ocrx_word' id='word_1_361' title='bbox 3070 4416 3159 4475; x_wconf 89' lang='lat' dir='ltr'>in·</span> 
     </span>
     <span class='ocr_line' id='line_1_38' title="bbox 597 4524 3160 4603; baseline 0 -21"><span class='ocrx_word' id='word_1_362' title='bbox 597 4524 784 4583; x_wconf 89' lang='lat' dir='ltr'>cretis</span> <span class='ocrx_word' id='word_1_363' title='bbox 831 4533 896 4584; x_wconf 93' lang='lat' dir='ltr'>et</span> <span class='ocrx_word' id='word_1_364' title='bbox 941 4524 1366 4598; x_wconf 79' lang='lat' dir='ltr'>existentibuS,</span> <span class='ocrx_word' id='word_1_365' title='bbox 1414 4544 1453 4584; x_wconf 86' lang='lat' dir='ltr'>a</span> <span class='ocrx_word' id='word_1_366' title='bbox 1499 4524 1724 4603; x_wconf 92' lang='lat' dir='ltr'>quibus</span> <span class='ocrx_word' id='word_1_367' title='bbox 1771 4524 1983 4603; x_wconf 89' lang='lat' dir='ltr'>itaque</span> <span class='ocrx_word' id='word_1_368' title='bbox 2050 4524 2407 4603; x_wconf 90' lang='lat' dir='ltr'>quercubus</span> <span class='ocrx_word' id='word_1_369' title='bbox 2456 4525 2537 4584; x_wconf 92' lang='lat' dir='ltr'>ad</span> <span class='ocrx_word' id='word_1_370' title='bbox 2602 4533 2845 4602; x_wconf 88' lang='lat' dir='ltr'>partem</span> <span class='ocrx_word' id='word_1_371' title='bbox 2892 4531 3160 4602; x_wconf 90' lang='lat' dir='ltr'>septem-</span> 
     </span>
     <span class='ocr_line' id='line_1_39' title="bbox 597 4631 3155 4712; baseline -0 -22"><span class='ocrx_word' id='word_1_372' title='bbox 597 4631 923 4691; x_wconf 89' lang='lat' dir='ltr'>trionalem</span> <span class='ocrx_word' id='word_1_373' title='bbox 970 4640 1138 4692; x_wconf 89' lang='lat' dir='ltr'>recte</span> <span class='ocrx_word' id='word_1_374' title='bbox 1186 4632 1392 4692; x_wconf 90' lang='lat' dir='ltr'>eundo</span> <span class='ocrx_word' id='word_1_375' title='bbox 1439 4631 1724 4710; x_wconf 90' lang='lat' dir='ltr'>pervenit</span> <span class='ocrx_word' id='word_1_376' title='bbox 1769 4633 1851 4692; x_wconf 93' lang='lat' dir='ltr'>ad</span> <span class='ocrx_word' id='word_1_377' title='bbox 1897 4633 2215 4712; x_wconf 89' lang='lat' dir='ltr'>quandam</span> <span class='ocrx_word' id='word_1_378' title='bbox 2263 4632 2535 4707; x_wconf 90' lang='lat' dir='ltr'>salicem,</span> <span class='ocrx_word' id='word_1_379' title='bbox 2595 4651 2791 4710; x_wconf 90' lang='lat' dir='ltr'>penes</span> <span class='ocrx_word' id='word_1_380' title='bbox 2839 4631 3155 4710; x_wconf 89' lang='lat' dir='ltr'>quandam</span> 
     </span>
     <span class='ocr_line' id='line_1_40' title="bbox 597 4737 3157 4814; baseline -0.001 -16"><span class='ocrx_word' id='word_1_381' title='bbox 597 4740 766 4800; x_wconf 87' lang='lat' dir='ltr'>viam</span> <span class='ocrx_word' id='word_1_382' title='bbox 791 4758 1186 4800; x_wconf 90' lang='lat' dir='ltr'>communem</span> <span class='ocrx_word' id='word_1_383' title='bbox 1215 4740 1295 4800; x_wconf 89' lang='lat' dir='ltr'>ad</span> <span class='ocrx_word' id='word_1_384' title='bbox 1327 4737 1614 4799; x_wconf 89' lang='lat' dir='ltr'>Chichan</span> <span class='ocrx_word' id='word_1_385' title='bbox 1643 4740 2003 4801; x_wconf 87' lang='lat' dir='ltr'>tendentem</span> <span class='ocrx_word' id='word_1_386' title='bbox 2029 4749 2361 4814; x_wconf 86' lang='lat' dir='ltr'>excretam,</span> <span class='ocrx_word' id='word_1_387' title='bbox 2396 4749 2457 4800; x_wconf 95' lang='lat' dir='ltr'>et</span> <span class='ocrx_word' id='word_1_388' title='bbox 2490 4741 2569 4800; x_wconf 88' lang='lat' dir='ltr'>ab</span> <span class='ocrx_word' id='word_1_389' title='bbox 2600 4739 2745 4800; x_wconf 90' lang='lat' dir='ltr'>hinc</span> <span class='ocrx_word' id='word_1_390' title='bbox 2776 4740 2858 4800; x_wconf 87' lang='lat' dir='ltr'>ad</span> <span class='ocrx_word' id='word_1_391' title='bbox 2890 4739 3157 4799; x_wconf 91' lang='lat' dir='ltr'>eandem</span> 
     </span>
     <span class='ocr_line' id='line_1_41' title="bbox 597 4847 3153 4926; baseline -0.001 -20"><span class='ocrx_word' id='word_1_392' title='bbox 597 4855 841 4926; x_wconf 91' lang='lat' dir='ltr'>partem</span> <span class='ocrx_word' id='word_1_393' title='bbox 889 4847 1460 4925; x_wconf 90' lang='lat' dir='ltr'>septemtrionalem</span> <span class='ocrx_word' id='word_1_394' title='bbox 1506 4865 1620 4925; x_wconf 89' lang='lat' dir='ltr'>per</span> <span class='ocrx_word' id='word_1_395' title='bbox 1666 4849 1932 4908; x_wconf 89' lang='lat' dir='ltr'>eandem</span> <span class='ocrx_word' id='word_1_396' title='bbox 1996 4849 2163 4908; x_wconf 91' lang='lat' dir='ltr'>viam</span> <span class='ocrx_word' id='word_1_397' title='bbox 2229 4849 2435 4909; x_wconf 89' lang='lat' dir='ltr'>eundo</span> <span class='ocrx_word' id='word_1_398' title='bbox 2505 4847 2789 4926; x_wconf 88' lang='lat' dir='ltr'>pervenit</span> <span class='ocrx_word' id='word_1_399' title='bbox 2834 4847 2916 4906; x_wconf 90' lang='lat' dir='ltr'>ad</span> <span class='ocrx_word' id='word_1_400' title='bbox 2962 4863 3153 4906; x_wconf 89' lang='lat' dir='ltr'>unam</span> 
     </span>
     <span class='ocr_line' id='line_1_42' title="bbox 595 4953 3165 5036; baseline -0.001 -20"><span class='ocrx_word' id='word_1_401' title='bbox 595 4955 840 5030; x_wconf 87' lang='lat' dir='ltr'>vallem,</span> <span class='ocrx_word' id='word_1_402' title='bbox 889 4955 971 5014; x_wconf 92' lang='lat' dir='ltr'>ad</span> <span class='ocrx_word' id='word_1_403' title='bbox 1019 4955 1203 5014; x_wconf 88' lang='lat' dir='ltr'>aliam</span> <span class='ocrx_word' id='word_1_404' title='bbox 1251 4955 1504 5015; x_wconf 90' lang='lat' dir='ltr'>salicem</span> <span class='ocrx_word' id='word_1_405' title='bbox 1556 4956 1840 5016; x_wconf 89' lang='lat' dir='ltr'>crucibus</span> <span class='ocrx_word' id='word_1_406' title='bbox 1887 4976 2001 5034; x_wconf 91' lang='lat' dir='ltr'>pro</span> <span class='ocrx_word' id='word_1_407' title='bbox 2048 4965 2217 5017; x_wconf 89' lang='lat' dir='ltr'>meta</span> <span class='ocrx_word' id='word_1_408' title='bbox 2250 4957 2582 5036; x_wconf 89' lang='lat' dir='ltr'>signatam,</span> <span class='ocrx_word' id='word_1_409' title='bbox 2616 4955 2839 5016; x_wconf 92' lang='lat' dir='ltr'>deinde</span> <span class='ocrx_word' id='word_1_410' title='bbox 2872 4953 3165 5034; x_wconf 56' lang='lat' dir='ltr'>procedit⁴</span> 
     </span>
    </p>
   </div>
  </div>
 </body>
</html>
