3917 5592
3035 409 3164 492 343

622 640 1137 715 commendamus
1183 651 1399 714 tenore
1430 641 1824 733 presencium
1858 629 2286 732 significantes
2318 648 2541 729 quibus
2577 647 2824 727 expedit
2856 647 3181 720 universiS,

613 763 783 841 quod
828 762 1050 823 nobilis
1099 762 1352 822 domina
1398 761 1599 820 Elena
1645 767 1891 838 vocata,
1958 759 2085 819 filia
2132 759 2400 818 condam
2447 757 2648 817 Marci
2712 755 3048 831 Kuschyeh
3097 754 3175 813 de

615 870 873 944 ObreSS,
923 869 1134 930 relicta
1184 889 1335 929 vero
1402 869 1669 928 condam
1732 867 2078 928 Clementis
2138 865 2378 945 supani,
2447 865 2555 925 filii
2616 865 2780 940 olym
2845 862 3022 922 Pauli
3069 861 3174 921 filii

614 977 824 1037 Iacobi
871 977 949 1036 de
999 976 1367 1049 Korilowcz,
1430 975 1494 1035 in
1562 981 1679 1034 su'a
1725 982 1788 1034 et
1852 973 2095 1034 Nicolai
2156 971 2266 1033 filii
2311 972 2407 1032 sui
2455 991 2530 1031 ac
2575 971 2770 1030 Elene
2829 977 2892 1030 et
2951 969 3175 1028 Vrsule

614 1083 881 1145 filiarum
930 1095 1203 1158 suarum,
1252 1103 1329 1144 ex
1376 1069 1656 1161 predicto
1706 1082 1972 1142 condam
2021 1081 2346 1141 Clemente
2395 1097 2636 1158 supano
2684 1077 2984 1158 legittime
3031 1095 3170 1155 pro-

614 1193 810 1273 geniti
856 1200 918 1252 et
964 1200 1433 1270 procreatamm
1466 1190 1769 1268 personis,
1817 1209 1977 1249 onus
2025 1197 2088 1249 et
2133 1207 2481 1269 gravamen
2532 1194 2658 1246 tam
2703 1185 2899 1264 ipsius
2945 1184 3052 1244 filii
3081 1185 3176 1244 sui

613 1319 801 1380 quam
851 1299 1155 1359 dictarum
1202 1299 1467 1359 filiarum
1516 1318 1787 1373 suarum,
1854 1299 1907 1358 si
1955 1299 2088 1376 ipse
2137 1296 2298 1357 filius
2362 1315 2514 1356 suus
2562 1301 2624 1354 et
2671 1293 2833 1354 dicte
2895 1293 3018 1352 filie
3066 1311 3178 1352 sue

614 1407 675 1466 in
723 1407 889 1480 tacto
935 1405 1329 1485 infrascripto
1362 1425 1736 1486 quocunque
1768 1405 2068 1484 temporis
2115 1404 2178 1464 in
2227 1422 2526 1483 processu
2557 1401 2892 1480 persistere
2923 1400 3172 1472 nollent,

612 1516 676 1575 in
724 1535 792 1575 se
839 1514 1043 1594 ipsam
1088 1523 1311 1592 sponte
1358 1534 1471 1593 per
1518 1514 1730 1574 omnia
1778 1513 2241 1588 assummend0‚
2291 1513 2373 1573 ad
2417 1519 2698 1570 nostram
2742 1509 3005 1570 veniens
3037 1528 3176 1587 pre-

616 1624 910 1698 senciam,
959 1623 1247 1683 confessa
1294 1631 1390 1684 est
1435 1623 1499 1682 in
1543 1623 1710 1682 hunc
1756 1622 2029 1698 modum,
2078 1629 2146 1681 ut
2189 1621 2330 1699 ipsa
2375 1619 2777 1680 medietatem
2824 1611 3175 1678 medietatis

616 1721 941 1792 cuiusdam
972 1731 1389 1810 possessionis
1438 1738 1500 1790 et
1534 1729 1858 1809 -porcionis
1891 1728 2386 1809 possessionarie
2419 1728 2483 1786 in
2513 1727 2794 1806 predicta
2825 1725 3177 1786 Korilowcz

613 1839 845 1916 habite,
892 1839 993 1899 cui
1039 1839 1274 1899 scilicet
1304 1838 1687 1917 possessioni
1735 1846 1797 1898 et
1842 1837 2122 1916 porcioni
2166 1835 2661 1916 possessionarie
2710 1855 2749 1894 a
2793 1819 2976 1913 parte'
3017 1842 3181 1894 terre
3227 1871 3238 1880 ·

622 1947 888 2007 condam
935 1947 1104 2006 Petri
1150 1946 1259 2007 filii
1304 1929 1754 2024 Radynowych
1789 1954 1958 2006 esset
2004 1965 2117 2024 pro
2161 1953 2330 2004 meta
2376 1963 2502 2004 una
2533 1943 2718 2004 arbor
2763 1942 2996 2023 iagned
3027 1961 3182 2001 nun·

625 2063 869 2133 cupata‚
918 2054 1063 2114 inde
1112 2055 1194 2114 ad
1250 2061 1495 2133 partem
1558 2053 2030 2114 meridionalem
2076 2052 2476 2131 procedendo
2521 2050 2763 2111 veniret
2825 2050 2905 2110 ad
2964 2049 3184 2109 foveas

618 2164 903 2242 wlpinaS,
952 2171 1017 2224 et
1062 2164 1140 2224 ab
1189 2163 1333 2224 inde
1381 2162 1613 2224 directe
1663 2163 2044 2223 transeundo
2106 2160 2462 2240 perveniret
2508 2160 2588 2219 ad
2637 2169 2826 2218 un‘am
2886 2158 3183 2230 Mlakam,

625 2290 746 2350 que
813 2280 982 2332 esset
1034 2271 1215 2332 iuxta
1286 2267 1495 2332 metas
1553 2271 2015 2352 hungaricaleS,
2085 2270 2158 2328 et'
2193 2287 2306 2348 per
2366 2267 2570 2362 ipsam
2634 2266 2916 2326 Mlakam
2978 2265 3183 2325 eundo

622 2399 814 2459 supra
861 2380 1217 2458 perveniret
1278 2399 1477 2459 usque
1542 2389 1743 2440 metas
1804 2379 2441 2460 Nowgarzkemegye
2490 2377 2705 2448 dictae,
2769 2383 2831 2435 et
2895 2375 2974 2434 ab
3041 2373 3183 2433 inde

624 2488 1026 2567 procedendo
1072 2487 1365 2548 transiret
1411 2506 1524 2566 per
1568 2487 1773 2566 ipsam
1816 2487 2101 2547 Mlakam
2149 2493 2212 2546 et
2258 2484 2617 2563 perveniret
2662 2483 2741 2543 ad
2811 2490 3012 2543 metas
3075 2481 3183 2541 Ni-

623 2594 782 2655 colai
827 2595 935 2654 filii
980 2594 1253 2669 Lukasii,
1302 2602 1365 2654 et
1413 2595 1490 2654 ab
1536 2595 1680 2655 hinc
1725 2594 2127 2671 procedendo
2161 2592 2395 2653 directe
2440 2611 2554 2670 per
2599 2591 2769 2650 viam
2815 2590 3057 2650 veniret
3105 2589 3185 2648 ad

621 2703 891 2781 priorem
923 2710 1173 2777 metam,
1224 2703 1306 2762 ad
1353 2703 1643 2763 arborem
1682 2702 1915 2782 iagned
1962 2701 2224 2776 dictam;
2273 2699 2690 2774 medietatem,
2737 2707 2806 2758 ut
2835 2697 3187 2777 predicitur,

622 2811 817 2890 ipsius
864 2811 1217 2871 medietatis
1281 2809 1443 2870 dicte
1508 2810 1924 2888 possessionis
1989 2817 2051 2870 et
2111 2807 2424 2888 porcionis
2489 2805 3001 2885 possessionarie,
3047 2825 3188 2884 por·

624 2917 819 2978 cionis
866 2917 1102 2978 scilieet
1146 2917 1372 2996 prefati
1406 2919 1673 2978 condam
1706 2916 2052 2977 Clementis
2084 2915 2324 2995 supani,
2371 2913 2488 2974 viri
2521 2915 2618 2974 sui
2661 2913 2963 2994 legittimi,
2997 2932 3187 2992 quam

628 3025 781 3085 alias
827 3025 963 3104 ipse
1011 3026 1279 3086 condam
1312 3016 1609 3086 Clemens
1642 3044 1937 3104 supanuS,
1988 3025 2137 3084 dum
2185 3023 2390 3083 adhuc
2437 3022 2498 3082 in
2544 3023 2663 3081 hoc
2693 3022 2905 3082 seculo
2951 3030 3189 3099 tempo-

630 3133 743 3192 rali
789 3131 1063 3207 vixisset,
1114 3151 1150 3192 a
1198 3133 1464 3192 condam
1513 3133 1759 3192 Thoma
1804 3131 1930 3192 filio
1986 3131 2245 3210 Georgii
2291 3129 2396 3190 filii
2446 3131 2617 3189 Iwan
2663 3129 2768 3188 filii
2833 3129 3078 3206 lwsych
3110 3128 3189 3188 de

628 3239 791 3299 dicta
868 3237 1258 3315 Kotylowcz,
1330 3259 1449 3318 pro
1527 3259 1637 3299 sex
1720 3258 1861 3298 cum
1927 3239 2135 3299 medio
2169 3251 2185 3288 “-
2211 3237 2465 3297 florenis
2536 3237 2671 3296 auri
2745 3244 3190 3315 comparasset,

632 3354 817 3423 prout
862 3346 982 3405 hoc
1027 3345 1089 3404 in
1138 3347 1411 3424 quadam
1459 3346 1661 3406 littera
1707 3347 2006 3406 nobilium
2053 3345 2328 3404 virorum
2389 3344 2680 3404 Iohannis
2727 3345 3037 3421 Rayahar,
3086 3363 3189 3402 co-

634 3452 797 3512 mitis
846 3453 1013 3529 olym
1062 3453 1207 3512 dicti
1270 3453 1497 3531 Campi
1558 3453 2022 3534 Zagrabiensi8‚
2072 3461 2135 3513 et
2181 3453 2448 3512 condam
2497 3453 2756 3532 Georgii
2818 3452 2924 3512 filii
2981 3451 3189 3533 Egidii

631 3561 711 3621 de
759 3560 925 3620 dicta
970 3561 1340 3636 Korilowcz,
1388 3561 1665 3621 similiter
1727 3562 1896 3638 olym
1941 3561 2185 3620 comitis
2248 3561 2556 3621 terrestris
2621 3560 2899 3620 eiusdem
2963 3560 3191 3638 Campi

629 3667 1093 3748 Zagrabiensi8‚
1142 3669 1219 3728 de
1270 3688 1435 3728 anno
1482 3668 1716 3729 domini
1762 3669 2089 3729 millesimo
2152 3668 2770 3748 quadringentesimo
2833 3669 3188 3748 quadrage-

630 3775 788 3835 simo
836 3775 1069 3855 quint0,
1116 3776 1179 3835 in
1224 3776 1384 3835 festo
1434 3776 1723 3836 videlicet
1770 3775 1954 3836 beate
1998 3775 2189 3835 Lucie
2227 3775 2484 3856 virginis
2533 3784 2596 3834 et
2641 3775 2909 3836 martiris
2941 3777 3190 3852 Christi,

631 3883 989 3962 aliquandiu
1035 3883 1346 3962 preteritO,
1394 3901 1507 3962 pro
1554 3891 1731 3961 parte
1780 3883 1974 3962 ipsius
2033 3884 2300 3943 condam
2349 3883 2690 3943 Clementis
2738 3885 2960 3962 supani
3008 3904 3190 3963 supe-

628 3990 803 4051 rinde
852 3990 1139 4050 confecta
1184 3997 1247 4051 et
1293 3997 1605 4064 emanata,
1655 4009 1728 4049 ac
1760 4009 1973 4050 coram
2021 3990 2200 4050 nobis
2246 3991 2308 4050 in
2355 3991 2564 4069 specie
2595 3992 3035 4066 demonstrata,
3084 4011 3188 4052 ex-

630 4117 847 4177 presse
894 4098 1163 4158 vidimus
1212 4097 1528 4169 contineri,
1578 4098 1759 4158 simul
1805 4118 1947 4158 cum
1997 4098 2284 4158 omnibus
2332 4099 2494 4159 dicte
2551 4099 2900 4159 medietatis
2927 4100 3188 4178 -prefate

630 4207 985 4267 medietatis
1044 4205 1241 4285 ipsius
1311 4206 1732 4286 possessionis
1799 4215 1862 4267 et
1921 4205 2232 4284 porcionis
2294 4207 2805 4284 possessionarie,
2876 4208 3187 4286 porcionis

628 4314 917 4374 videlicet
959 4313 1155 4393 ipsius
1202 4313 1471 4374 condam
1517 4312 1859 4374 Clementis
1926 4313 2151 4391 supani
2207 4313 2588 4388 utilitatibus,
2655 4315 2906 4388 iuribus,
2969 4316 3186 4375 usibus

633 4430 695 4482 et
739 4420 1135 4500 pertinenciis
1168 4421 1492 4499 universiS,
1538 4422 1895 4495 BenedictO,
1944 4422 2242 4500 Krupych
2290 4422 2472 4496 dicto,
2521 4423 2644 4482 filio
2693 4425 2960 4484 condam
3020 4423 3188 4484 Petri

632 4529 1016 4606 Zrynschak,
1064 4548 1301 4610 genero
1335 4530 1603 4590 condam
1649 4529 1909 4610 Georgii
1942 4529 2050 4589 filii
2080 4528 2324 4589 Nicolai
2371 4531 2448 4590 de
2497 4531 2728 4603 Mlaka,
2778 4551 2853 4590 ac
2897 4549 3011 4608 per
3043 4550 3186 4590 eum

634 4634 763 4696 suis
807 4635 1159 4712 heredibuS,
1205 4657 1319 4716 pro
1367 4637 1589 4698 decem
1632 4637 1885 4698 florenis
1948 4637 2098 4709 auri,
2169 4655 2434 4716 quorum
2481 4637 2732 4714 quidem
2792 4638 3012 4697 decem
3074 4639 3187 4698 flo-

636 4741 927 4804 renorum
975 4743 1111 4804 auri
1156 4753 1397 4823 septem
1459 4745 1731 4805 florenos
1794 4744 1931 4805 auri
1974 4745 2110 4824 ipse
2157 4744 2534 4804 Benedictus
2590 4743 2888 4824 Krupych
2946 4747 3188 4825 prefato

633 4852 899 4912 condam
962 4851 1273 4913 Clementi
1334 4872 1594 4931 supan0,
1642 4853 1792 4913 dum
1854 4853 2060 4913 adhuc
2122 4853 2255 4930 ipse
2303 4852 2363 4911 in
2412 4852 2531 4912 hoc
2589 4854 2800 4913 seculo
2864 4855 3189 4932 temporali

636 4958 911 5036 vixisset,
956 4969 1141 5039 prout
1186 4959 1321 5038 ipsa
1370 4960 1623 5021 domina
1668 4953 1867 5021 Elena
1898 4961 2114 5020 relicta
2159 4977 2272 5019 sua
2315 4960 2492 5019 nobis
2542 4961 3047 5020 certitudinaliter
3095 4981 3186 5022 re-
