3917 5592
3057 434 3178 511 133

1791 651 2004 731 133.

829 855 1013 922 Anno
1064 859 1251 959 1393.
1301 861 1403 923 27.
1452 862 1739 924 octobris
1788 864 2030 923 Budae-

828 1057 1265 1138 Sigismundus
1312 1058 1679 1139 Hungariae
1728 1066 1843 1118 etc.
1894 1078 2020 1133 rex,
2075 1058 2290 1118 Ioanni
2339 1058 2550 1119 comiti
2596 1058 2838 1137 Veglae
2889 1067 2950 1119 et
2998 1058 3178 1118 Mod-

618 1185 834 1225 russae
884 1184 959 1225 ac
1006 1184 1343 1245 regnorum
1390 1164 1758 1240 Dalmatiae,
1808 1164 2104 1225 Croatiae
2154 1173 2216 1225 et
2262 1166 2634 1225 Sclauoniae
2682 1166 2848 1224 bano
2897 1167 2999 1225 vel
3049 1166 3180 1225 eius

614 1273 935 1347 viceban0‚
984 1292 1063 1333 ne
1113 1273 1283 1333 cives
1317 1273 1877 1354 Montisgreeensis
1929 1274 2008 1333 de
2065 1273 2382 1353 Zagrabia
2431 1292 2506 1332 ac
2553 1292 2769 1333 eorum
2812 1269 3182 1353 iobagiones

619 1381 679 1440 in
726 1381 1229 1459 possessionibus
1277 1380 1615 1440 Petrouina
1662 1387 1723 1441 et
1770 1381 2060 1440 Hrascha
2107 1380 2348 1440 vocatis
2378 1388 2855 1451 commorantes,
2903 1381 2965 1439 in
3013 1381 3180 1441 nullo

616 1488 891 1565 inpediat
940 1496 1001 1547 et
1049 1495 1375 1568 aggravet,
1422 1506 1540 1547 nec
1588 1487 1828 1566 aliquas
1876 1486 2216 1548 solutiones
2267 1486 2344 1546 ab
2393 1488 2542 1566 ipsis
2592 1487 2865 1567 recipiat,
2915 1488 3026 1547 sed
3060 1507 3170 1548 eos

618 1616 653 1654 a
701 1595 1075 1674 quibuslibet
1120 1594 1585 1655 infestatoribus
1632 1602 1923 1674 protegat
1972 1604 2032 1653 et
2081 1602 2426 1669 conservet,
2474 1595 2747 1654 mandat.
2847 1666 2852 1669 Ι

827 1734 1068 1788 Ioannes
1107 1734 1347 1799 Tkalcic„
1389 1732 1519 1787 Mon
1576 1732 1704 1787 hist.
1745 1732 1897 1787 civit.
1938 1734 2248 1802 Zagrabiae
2293 1735 2332 1790 I.
2371 1732 2492 1788 349.
2531 1763 2602 1773 —
2642 1732 2925 1801 originale
2965 1734 3184 1787 charta-

615 1838 793 1876 ceum.
832 1824 1176 1891 Apprcssum
1217 1821 1477 1889 sigillum.
1555 1823 1613 1875 In
1654 1821 1889 1875 archivo
1930 1821 2082 1875 civit.
2121 1822 2444 1889 Zagrabiae.
2519 1822 2682 1874 Extat
2721 1822 2891 1874 etiam
2933 1822 3084 1874 aliud
3125 1822 3180 1874 in

612 1916 966 1980 transumpto
1005 1911 1235 1980 capituli
1274 1911 1681 1980 ZagrabiensiS,
1722 1911 1855 1971 huic
1892 1928 1994 1980 per
2031 1912 2228 1965 omnia
2266 1911 2578 1975 consimile,
2633 1910 2957 1965 discrimine
2995 1913 3180 1965 solum

614 2002 669 2056 in
710 2000 993 2069 aliquibus
1034 2001 1217 2055 verbis
1256 2006 1312 2053 et
1352 2000 1441 2054 die
1481 1999 1879 2056 emanationis

1797 2286 1838 2355 1
1856 2286 2003 2357 34.

820 2487 1005 2546 Anno
1062 2484 1245 2547 1393.
1296 2483 1397 2545 28.
1448 2486 1736 2546 octobris,
1790 2487 2030 2547 Budae.

817 2682 1255 2762 Sigismundus
1302 2682 1668 2763 Hungariae
1702 2690 1816 2743 etc.
1865 2702 1991 2758 rex,
2039 2684 2297 2744 Iohanni
2345 2684 2554 2745 comiti
2591 2686 2857 2765 Weglae
2891 2694 2953 2746 et
2984 2686 3164 2747 Mod-

611 2786 857 2850 russiae
908 2809 982 2850 ae
1030 2808 1368 2869 regnorum
1423 2789 2138 2865 DalmatiaerCroatiae
2187 2799 2248 2852 et
2294 2792 2664 2853 Sclauoniae
2702 2793 2868 2853 bano
2899 2784 3174 2873 'eiusque

604 2898 1042 2978 vicesgerenti,
1090 2918 1170 2957 ne
1218 2898 1389 2957 cives
1432 2896 1829 2957 Grechenses
1862 2898 1939 2957 de
1969 2898 2287 2979 Zagrabia
2317 2900 2379 2958 in
2411 2900 2911 2979 possessionibus
2959 2900 3171 2975 Petro-

604 3026 791 3083 wyna
824 3016 886 3067 et
908 3007 1244 3083 Hrasthya,
1292 3024 1544 3085 quoquo
1575 3006 1764 3066 modo
1810 3005 2194 3081 infestarent,
2241 3006 2431 3067 immo
2459 3006 2665 3086 potius
2714 3008 2972 3068 eosdem
3019 3026 3166 3067 con-

600 3121 851 3174 servent
900 3122 960 3173 et
1006 3121 1314 3188 tueantur,
1360 3113 1680 3191 praecipit.

810 3254 1052 3308 Ioannes
1089 3254 1329 3317 Tkalcic„
1370 3253 1617 3308 Monum.
1657 3253 1787 3309 hist.
1828 3253 2075 3308 civitatis
2114 3254 2422 3323 Zagrabiae
2461 3254 2523 3309 11.
2561 3271 2684 3324 pag.
2726 3253 2848 3309 439.
2889 3282 2954 3293 —
2995 3254 3166 3308 Tran-

600 3343 887 3411 sumptum
928 3343 1135 3396 Vrbani
1194 3343 1355 3397 electi
1395 3343 1670 3397 ecclesiae
1725 3344 2014 3412 Agriensis
2052 3358 2100 3397 a.
2143 3343 2297 3399 1487.
2335 3344 2388 3398 5.
2427 3343 2758 3423 decembris,
2834 3345 2893 3397 In
2934 3343 3166 3397 archivo

598 3430 691 3485 lib.
730 3448 839 3499 reg.
878 3430 1121 3487 civitatis
1162 3432 1483 3501 Zagrabiae.
2773 3434 2788 3441 ’
2857 3436 2888 3443 “’
2921 3450 2930 3455 ·

1786 3718 1991 3789 135.

806 3918 989 3979 Anno
1047 3915 1229 3980 1394.
1291 3919 1383 3981 12.
1432 3920 1595 3980 maii.

715 4118 723 4125 '
806 4116 1163 4195 Capitulum
1212 4117 1515 4201 ecclesiae
1561 4114 2008 4198 Zagrabiensis
2055 4116 2349 4194 notificat,
2399 4116 2568 4197 quod
2600 4116 2714 4178 viri
2762 4117 3002 4181 nobiles
3052 4136 3154 4179 ca-

594 4231 869 4283 strenses
938 4224 1164 4302 Campi
1229 4224 1709 4305 Zagrabiensis:
1782 4226 2072 4287 Andreas
2121 4226 2409 4286 videlicet
2479 4226 2639 4286 filius
2705 4228 2850 4301 Ielk,
2911 4202 3034 4285 'su‘a
3083 4245 3157 4286 ac

591 4331 919 4406 Valentini,
990 4332 1248 4407 Nicolai‚
1318 4332 1607 4407 SimoniS‚
1681 4334 1992 4409 Andreae,
2032 4334 2363 4393 .Anthonii
2419 4342 2481 4394 et
2543 4335 2826 4395 Thoma'e
2890 4334 3155 4395 filiorum

591 4458 863 4513 suorum,
934 4458 1177 4499 necnon
1224 4440 1446 4500 Petrus
1519 4440 1681 4500 filius
1730 4442 2008 4522 Georgii,
2081 4442 2360 4503 similiter
2407 4463 2539 4517 sua,
2611 4462 2685 4503 ae
2732 4442 3043 4503 Valentini
3095 4452 3156 4502 et

588 4546 766 4607 Pauli
814 4546 1078 4607 filiorum
1126 4566 1379 4607 suorum
1426 4548 1487 4607 in
1534 4550 1842 4627 personi8‚
1915 4550 2060 4610 item
2109 4551 2325 4610 Mathe
2372 4551 2532 4611 filius
2581 4549 2906 4610 Michaelis
2954 4557 3018 4609 et
3060 4550 3152 4608 Io-

586 4656 828 4714 hannes
874 4653 1035 4713 filius
1082 4654 1382 4733 praedicti
1431 4655 1709 4735 Georgii,
1746 4658 1931 4715 modo
1982 4657 2163 4716 simili
2195 4657 2258 4717 in
2291 4676 2406 4717 sua
2455 4677 2528 4718 ac
2577 4656 2828 4717 alterius
2877 4656 3152 4734 Georgii,

586 4762 865 4835 Adriani,
936 4761 1233 4820 Anthonii
1280 4769 1343 4821 et
1388 4764 1557 4822 Luce
1620 4772 1909 4823 natorum
1965 4784 2218 4823 suorum
2285 4764 2586 4843 personiS,
2658 4762 2927 4822 confessi
2991 4768 3149 4836 sunt,

586 4870 755 4947 quod
811 4877 1109 4945 tempore,
1181 4888 1304 4947 quo
1365 4869 1536 4929 cives
1600 4869 1865 4930 civitatis
1938 4872 2172 4931 Montis
2238 4870 2616 4931 Grechensis
2687 4870 3148 4948 possessionem

586 4979 1025 5053 Petrowynam
1075 4976 1136 5035 in
1185 4977 1349 5036 dicto
1398 4978 1643 5056 Campo
1690 4980 2104 5059 Zagrabiensi
2139 4980 2339 5054 sitam,
2389 4979 2478 5039 eis
2528 4999 2640 5057 per
2687 4998 2904 5057 regem
2951 4978 3146 5057 Sigis-
