3917 5592
2919 455 3048 516 335

708 866 892 925 Anno
949 865 1131 927 1455.
1191 864 1284 925 10.
1331 864 1550 925 martii.
1599 865 1970 946 Zagrabiae.

500 1056 752 1122 Coram
815 1056 1040 1121 Vlrico
1105 1057 1419 1122 Kostibol
1481 1058 1726 1121 comite
1792 1058 2041 1141 Campi
2100 1056 2596 1143 Zagrabiensis
2655 1080 2738 1123 ac
2793 1059 2855 1123 T
2848 1058 3054 1123 homa

485 1164 648 1249 filio
703 1164 909 1228 Pauli
954 1164 1037 1229 de
1099 1164 1518 1249 Woynosecz,
1585 1165 1831 1229 comite
1890 1168 2052 1229 terr.
2112 1165 2419 1229 eiusdem
2471 1164 2735 1250 Campi,
2798 1166 3050 1230 Dioni-

494 1273 650 1337 sius
671 1270 880 1355 filius
919 1270 1211 1357 Georgii
1255 1272 1337 1337 de
1368 1272 1573 1357 Inser.
1623 1272 2009 1351 Lokawecz,
2055 1274 2297 1337 contra
2328 1272 2827 1350 alienationem,
2861 1294 3053 1337 occu-

489 1380 848 1464 pationem
916 1382 1058 1459 eto,
1125 1380 1494 1444 cuiusdam
1563 1380 1804 1443 vineae
1863 1383 1928 1443 et
2001 1382 2355 1444 terrarum
2409 1378 2701 1444 condam
2765 1380 3053 1465 Borych,

1555 1489 2007 1571 protestatur.

717 1686 852 1745 Nos
921 1685 1167 1745 Vlricus
1239 1684 1525 1745 Kostibol
1594 1678 1836 1747 comes¹
1906 1684 2352 1765 Zagrabiensis
2420 1704 2494 1745 ac
2556 1687 2833 1746 Thomas
2902 1687 3064 1747 filius

499 1794 682 1853 Pauli
731 1792 837 1853 filii
886 1793 1154 1853 condam
1186 1792 1478 1873 Gregorii
1523 1793 1631 1852 filii
1677 1794 1886 1869 Woyn
1937 1794 2016 1852 de
2064 1794 2463 1869 Woynosecz
2496 1813 2708 1853 comes
2756 1795 3065 1855 terrestris

501 1901 789 1961 eiusdem
835 1900 1062 1978 Campi
1127 1900 1424 1960 memorie
1490 1901 2002 1959 commendamus
2050 1919 2164 1978 per
2209 1908 2551 1977 presentem,
2616 1902 2783 1979 quod
2830 1901 3062 1979 Dyoni-

502 2008 631 2068 sius
678 2007 841 2067 filius
891 2008 1156 2068 condam
1221 2007 1481 2087 Georgii
1528 2007 1632 2066 filii
1695 2007 1938 2067 Nicolai
2002 2007 2147 2067 dicti
2194 2007 2343 2085 Mye
2393 2009 2469 2068 de
2517 2008 2795 2068 Interiori
2858 2010 3061 2070 Loka-

504 2134 698 2189 wecz,
747 2116 828 2175 ad
873 2123 1154 2175 nostram
1201 2114 1612 2193 personaliter
1642 2114 1952 2174 veniendo
1999 2114 2409 2192 presenciam,
2456 2115 2635 2175 nobis
2663 2135 2777 2194 per
2806 2118 3059 2177 modum

503 2221 892 2282 inhibicionis
941 2222 1300 2302 significare
1350 2221 1592 2280 curavit
1637 2220 1700 2279 in
1746 2222 1911 2281 hunc
1945 2222 2218 2295 modum,
2266 2229 2333 2280 ut
2378 2221 2513 2300 ipse
2559 2222 2885 2300 Mathyam
2933 2225 3061 2283 lon-

506 2350 675 2409 gum,
737 2328 1138 2409 iobagionem
1205 2329 1472 2389 filiorum
1535 2328 1800 2387 condam
1864 2327 2191 2387 Michaelis
2238 2328 2317 2387 de
2365 2327 2557 2401 Odra,
2621 2338 2683 2387 et
2744 2330 3065 2390 Bartholo-

505 2456 716 2497 meum
763 2436 954 2495 filium
1006 2455 1081 2495 ac
1129 2436 1284 2495 alios
1339 2436 1498 2495 filios
1561 2435 1755 2512 ipsius
1803 2436 2062 2512 Mathye
2113 2436 2299 2515 longi,
2349 2435 2428 2494 ab
2491 2436 2814 2514 empcione
2864 2437 3065 2497 cuius·

506 2545 652 2604 dam
700 2544 880 2603 vinee
930 2544 1198 2602 condam
1262 2543 1528 2619 Borych‚
1592 2542 1709 2620 ipsi
1770 2542 2052 2601 Dionisio
2099 2561 2215 2620 per
2274 2543 2600 2619 Mathyam
2662 2544 3066 2621 Keznawych

507 2653 767 2725 donate;
817 2651 964 2710 item
1011 2650 1384 2710 Michaelem
1435 2649 1774 2725 Kuharych
1824 2649 2073 2724 dictum,
2123 2649 2201 2708 ab
2250 2649 2573 2728 empcione
2622 2659 2684 2711 et
2730 2650 2791 2710 in
2838 2652 3067 2733 pignus

507 2758 875 2837 recepcione
921 2766 1226 2817 terrarum
1262 2757 1588 2818 arabilium
1620 2756 1844 2835 prefati
1887 2758 2158 2845 condam
2204 2758 2467 2834 Borych,
2518 2759 2721 2818 eidem
2765 2758 3065 2836 Dyonisio

507 2886 619 2946 per
664 2866 974 2946 prefatum
1023 2866 1331 2926 Mathiam
1363 2865 1770 2943 Keznawych
1803 2865 2082 2925 similiter
2114 2867 2504 2939 donatarum,
2554 2885 2627 2925 ac
2675 2868 2830 2928 alios
2881 2887 3065 2947 quos-

506 2975 656 3035 libet
702 2974 781 3034 ab
829 2974 1267 3052 occupacione,
1316 2974 1683 3034 detencione
1732 2973 2015 3033 eiusdem
2064 2973 2243 3033 vinee
2293 2981 2355 3033 et
2399 2974 2707 3033 dictarum
2760 2982 3065 3034 terrarum

512 3082 836 3143 arabilium
908 3102 984 3142 ac
1033 3081 1562 3159 appropriacione,
1634 3080 2117 3159 perpetuacione
2181 3090 2242 3139 et
2292 3080 2761 3140 statuifaccione
2832 3100 3065 3155 earum,

509 3212 703 3271 seque
767 3192 936 3271 ipsos
999 3192 1061 3250 in
1126 3190 1465 3250 dominium
1536 3210 1752 3250 earum
1815 3192 2230 3271 quovismodo
2300 3191 2775 3265 intromissione,
2839 3212 3067 3252 usuum

512 3320 760 3379 quoque
809 3310 870 3359 et
917 3298 1334 3379 quorumlibet
1380 3307 1794 3376 proventuum
1844 3307 1908 3358 et
1951 3299 2264 3359 fructuum
2312 3298 2721 3377 percepcione
2770 3319 2883 3358 seu
2929 3319 3067 3379 per-

513 3406 917 3485 cipifaccione
981 3425 1232 3484 quoquo
1297 3406 1484 3465 modo
1549 3406 1627 3464 ab
1693 3406 1929 3466 eisdem
1996 3406 2497 3484 possessionibus
2561 3406 2681 3466 iam
2747 3406 2928 3467 factis
2971 3408 3070 3466 vel

513 3515 752 3587 fiendiS,
822 3512 1136 3591 prohibuit
1205 3512 1704 3587 contradicendO,
1769 3520 1831 3572 et
1892 3514 2261 3573 contradixit
2322 3514 2656 3574 inhibendo
2717 3514 2961 3594 publice
3010 3524 3073 3574 et

513 3622 840 3682 manifeste
890 3640 1101 3680 coram
1149 3621 1326 3681 nobis
1391 3621 1610 3701 vigore
1675 3628 1736 3679 et
1795 3621 2150 3680 testimonio
2198 3640 2272 3679 ac
2319 3621 2608 3682 firmitate
2678 3622 3071 3701 presencium

515 3738 869 3790 nostrarum
915 3729 1250 3803 literarum,
1298 3728 1514 3808 sigillis
1561 3728 1788 3788 nostris
1837 3728 2031 3787 solitis
2080 3748 2119 3787 a
2163 3736 2344 3807 tergo
2392 3730 2471 3789 de
2502 3749 2676 3789 more
2726 3730 2879 3790 alias
2928 3749 3072 3789 con-

521 3847 697 3897 sveto
746 3836 1256 3915 consignatarum
1323 3835 1654 3895 mediante.
1702 3835 1933 3893 Datum
1997 3835 2328 3914 Zagrabie‚
2377 3836 2531 3896 feria
2594 3838 2871 3897 secunda
2934 3858 3070 3916 pro-

513 3946 681 4006 xima
729 3954 872 4005 ante
919 3944 1147 4004 festum
1193 3943 1362 4003 beati
1393 3942 1684 4023 Gregorii
1730 3962 1893 4021 pape
1942 3950 2005 4002 et
2051 3943 2339 4018 doctoris,
2391 3963 2555 4004 anno
2603 3944 2835 4004 domini
2884 3945 3072 4005 mille-

515 4053 671 4113 simo
719 4050 998 4113 CCCC0.
1045 4046 1142 4111 L⁰.
1191 4050 1420 4129 quinto,

729 4191 1012 4261 originale
1066 4193 1444 4259 chartaceum,
1485 4206 1520 4243 a
1557 4193 1713 4257 tergo
1765 4193 2042 4259 apparent
2088 4189 2327 4259 vestigia
2376 4190 2615 4244 duorum
2668 4206 3066 4259 appressorum

514 4283 842 4352 sigillorum.
883 4283 943 4335 In
989 4282 1139 4335 arch.
1178 4280 1366 4334 accad.
1408 4279 1602 4334 scient.
1641 4278 1858 4332 Slavor.
1899 4278 2094 4333 mei-id.
2134 4279 2459 4348 Zagrabiae.

737 4444 749 4473 ¹
787 4443 1092 4497 terminum
1134 4442 1364 4512 »Campi
1406 4483 1420 4511 ,
1458 4440 1552 4510 qui
1595 4440 1752 4509 sequi
1796 4441 2041 4501 deberet,
2082 4441 2249 4495 deest.
