3917 5592
726 444 858 506 264

1902 649 2114 719 240.

936 804 1122 863 Anno
1181 798 1364 861 1444.
1414 797 1516 860 30.
1565 800 1783 860 martii.

727 943 981 1008 Coram
1026 941 1328 1025 capitulo
1375 940 1694 1005 ecclesiae
1739 938 2256 1023 Ζαὲταόἱεηείε,
2304 937 2773 1002 controversia
2805 936 2991 1000 inter
3006 934 3285 1019 fratres

723 1048 1096 1114 heremitas
1143 1048 1430 1113 claustri
1471 1047 1553 1111 Β.
1591 1044 1683 1112 Μ.
1725 1044 1791 1109 V.
1841 1046 1922 1109 de
1958 1046 2443 1129 promontorio
2489 1042 2949 1129 Zagrabiensi
2994 1046 3059 1106 et
3085 1061 3281 1127 quos-

721 1156 886 1220 dam
932 1154 1192 1221 nobiles
1243 1154 1490 1238 Campi
1535 1152 2033 1237 Zagrabiensis
2078 1153 2352 1218 ratione
2398 1155 2624 1216 terrae
2677 1150 2962 1235 Ograda
3006 1152 3283 1214 vocatae

1239 1259 1594 1339 ventilata,
1636 1265 1764 1344 per
1809 1259 2077 1324 iudices
2121 1258 2428 1324 arbitros
2463 1258 2748 1342 finitur.

939 1428 1071 1487 Nos
1120 1426 1460 1505 capitulum
1507 1424 1770 1485 ecclesie
1817 1424 2263 1505 Zagrabiensis
2310 1432 2525 1485 notum
2568 1424 2835 1485 facimus
2880 1432 3099 1483 tenore
3142 1442 3281 1502 pre·

725 1533 1004 1593 sencium
1052 1533 1278 1612 quibus
1330 1533 1580 1611 expedit
1636 1532 1961 1606 universiS,
2014 1534 2181 1611 quod
2243 1532 2573 1613 relig-iosus
2620 1532 2715 1591 vir
2758 1532 2951 1591 frater
3011 1532 3285 1591 Michael

722 1640 992 1700 vicarius
1041 1640 1292 1700 claustri
1357 1640 1542 1700 beate
1589 1640 1791 1700 Marie
1839 1640 2099 1719 virginis
2148 1641 2226 1700 de
2272 1640 2697 1719 promontorio
2742 1639 3172 1719 Zagrabiensi,
3218 1638 3281 1698 in

725 1767 842 1807 sua
889 1767 964 1807 ac
995 1748 1431 1808 universorum
1462 1748 1724 1808 fratrum
1757 1747 1991 1807 ordinis
2024 1746 2224 1807 sancti
2254 1746 2431 1808 Pauli
2463 1747 2645 1825 primi
2677 1746 2977 1807 heremite
3010 1747 3281 1807 claustro

724 1856 788 1915 in
835 1858 1058 1917 eodem
1107 1856 1227 1917 deo
1272 1856 1716 1916 famulancium
1763 1856 2067 1934 personiS,
2130 1856 2423 1915 oneribus
2471 1856 2813 1916 eorundem
2859 1863 2921 1916 et
2966 1854 3278 1933 gravami-

704 1964 905 2024 nibus
952 1983 1064 2042 per
1111 1964 1321 2049 omnia
1366 1964 1430 2023 in
1477 1983 1545 2023 se
1579 1964 1784 2043 ipsum
1833 1962 2170 2041 assumptis
2219 1964 2298 2023 ab
2346 1982 2489 2037 una,
2536 1972 2713 2042 parte
2760 1982 2912 2022 vero
2960 1982 3037 2023 ex
3085 1962 3282 2022 altera

727 2072 1041 2152 Georgius
1089 2072 1251 2131 filius
1298 2071 1508 2152 Egidii
1555 2072 1841 2150 swppani
1887 2072 1965 2132 de
2014 2071 2408 2147 Korylowch,
2457 2090 2533 2131 ex
2564 2070 2753 2130 nobili
2800 2070 3051 2130 domina
3083 2071 3282 2130 Elena

724 2187 954 2239 vocata
997 2178 1126 2239 filia
1174 2180 1440 2239 condam
1491 2180 1717 2255 Myren
1766 2179 1843 2238 de
1892 2178 2157 2259 Ograda
2217 2186 2597 2257 procreatuS,
2660 2176 2881 2238 nobilis
2942 2177 3279 2237 castrensis

726 2287 954 2366 Campi
999 2288 1464 2367 ZagrabiensiS,
1513 2286 1806 2346 oneribus
1854 2296 1916 2346 et
1962 2286 2433 2367 gravaminibus
2465 2286 2668 2360 Bricii,
2716 2286 2957 2345 Thome
2984 2292 3045 2345 et
3072 2284 3281 2345 Iacobi

724 2394 990 2455 filiorum
1057 2412 1345 2468 suorum;
1394 2394 1543 2454 item
1590 2394 1914 2472 utriusque
1959 2393 2129 2453 Petri
2176 2394 2442 2454 filiorum
2488 2393 2667 2453 Pauli
2711 2392 2819 2452 filii
2864 2392 3089 2471 prefati
3134 2410 3278 2451 con-

724 2503 868 2561 dam
919 2502 1146 2579 Myren
1194 2502 1271 2561 de
1321 2502 1562 2575 eadem,
1609 2519 1722 2579 per
1784 2501 1995 2561 omnia
2040 2502 2101 2560 in
2150 2520 2218 2561 se
2264 2500 2467 2579 ipsum
2517 2500 2801 2578 receptis,
2849 2508 3126 2559 nostram
3173 2518 3278 2558 ve·

724 2610 966 2669 nientes
1014 2610 1076 2668 in
1124 2608 1532 2687 presenciam,
1581 2608 1852 2669 confessi
1900 2616 2045 2668 sunt
2090 2608 2227 2687 pari
2274 2616 2336 2667 et
2383 2608 2659 2668 unanimi
2712 2608 3030 2668 voluntate
3064 2625 3280 2667 eorum

724 2718 786 2776 in
833 2717 998 2776 hunc
1031 2718 1306 2791 modum,
1353 2717 1522 2795 quod
1567 2716 1712 2776 licet
1758 2716 1912 2776 alias
1959 2716 2121 2776 inter
2152 2716 2321 2794 ipsas
2359 2723 2571 2793 partes
2618 2716 2869 2777 racione
2900 2723 2963 2775 et
2991 2721 3275 2793 pretextu

731 2823 1073 2902 prescripte
1098 2823 1400 2901 particule
1425 2831 1588 2883 terre
1619 2821 1884 2902 Ograda
1907 2830 2149 2896 vocate,
2174 2841 2367 2900 penes
2392 2830 2594 2882 metas
2617 2822 3032 2900 possessionis
3057 2840 3278 2881 eorun-

728 2932 872 2991 dem
899 2930 1160 2990 fratrum
1198 2930 1642 2989 heremitarum
1677 2930 1930 2989 claustri
1962 2930 2241 3008 ipsorum
2271 2929 2555 3008 prelibati
2586 2930 3009 3006 Rakythowcz
3039 2935 3276 3001 vocate,

729 3056 914 3097 secus
980 3038 1238 3097 fluvium
1303 3037 1542 3097 Glosna
1607 3036 2013 3112 nominatum,
2062 3056 2099 3097 a
2153 3044 2330 3115 parte
2392 3036 2759 3097 occidentali
2805 3037 2964 3096 inter
3022 3035 3279 3096 fluvium

725 3144 931 3204 Maior
973 3146 1296 3221 Wranych
1343 3144 1591 3217 dictum,
1639 3144 1743 3202 ubi
1775 3144 2001 3203 fluvius
2048 3144 2255 3203 Minor
2300 3144 2622 3220 Wranych
2666 3144 2729 3203 in
2772 3144 2977 3223 ipsum
3020 3142 3279 3202 fluvium

724 3247 1040 3329 Wranyn¹
1086 3252 1316 3311 intrare
1378 3250 1738 3329 perhibetur
1785 3297 2049 3310 .....
2097 3251 2412 3310 mediante
2459 3252 2600 3310 lacu
2669 3252 2746 3311 de
2816 3250 3279 3328 Zethynchreth

728 3358 1041 3436 appellato
1103 3357 1421 3417 existentis
1469 3366 1532 3416 et
1577 3357 1804 3431 habite,
1869 3357 1942 3417 lis
1992 3365 2055 3417 et
2101 3356 2442 3435 questionis
2504 3357 2767 3418 materia
2827 3366 2999 3418 mota
3060 3356 3281 3417 fuisset

728 3454 791 3523 et
821 3471 1054 3537 exorta,
1103 3471 1167 3523 et
1209 3472 1421 3541 partes
1454 3463 1614 3524 inter
1660 3464 1829 3542 ipsas
1873 3464 2113 3524 diucius
2160 3464 2457 3525 ventilata
2504 3465 2837 3541 extitisset3
2885 3475 3097 3526 tamen
3145 3466 3279 3544 ips'e

725 3578 936 3649 partes
984 3572 1266 3631 volentes
1314 3572 1607 3631 ammodo
1657 3580 1719 3631 et
1765 3571 2062 3649 deinceps
2113 3571 2286 3649 pacis
2333 3572 2669 3631 amenitate
2716 3574 2997 3653 gaudere
3031 3582 3093 3633 et
3139 3591 3283 3653 gra-

725 3678 926 3753 tulari,
971 3697 1086 3756 per
1131 3677 1596 3738 ordinacionem
1643 3686 1706 3737 et
1751 3678 2281 3757 composicionem
2329 3680 2766 3740 nonnullorum
2810 3681 3147 3758 proborum
3194 3680 3283 3739 vi·

723 3802 936 3844 rorum
983 3829 1432 3845 ........
1499 3784 1749 3844 discreti
1820 3785 1937 3844 viri
2012 3785 2247 3845 domini
2317 3785 2628 3859 IohanniS,
2699 3787 2951 3865 plebani
3020 3787 3283 3848 ecclesie

729 3900 943 3950 sancte
992 3889 1216 3950 Crucis
1265 3892 1343 3951 de
1396 3892 1803 3965 Krawarzka,
1852 3891 2179 3951 Michaelis
2244 3892 2460 3972 magni
2510 3893 2588 3952 de
2637 3894 3055 3972 Lompnycza‚
3117 3894 3286 3954 Petri

725 3998 832 4057 filii
878 3997 1168 4057 Iohannis
1216 3998 1294 4056 de
1343 3998 1573 4073 Mlaka‚
1620 3992 1920 4071 moderni,
1968 3998 2271 4076 Stephani
2316 3999 2427 4058 filii
2456 4000 2885 4077 Pethkowych
2932 4002 3011 4061 de
3059 4002 3281 4061 kaa-

726 4124 918 4178 wecz,
980 4105 1242 4165 Fabiani
1304 4105 1412 4165 filii
1472 4105 1800 4165 Michaelis
1869 4106 1946 4165 de
2015 4104 2245 4180 Othok,
2294 4107 2448 4166 alias
2516 4108 2813 4167 comitum
2883 4109 3284 4183 terrestrium,

726 4212 980 4272 Andree
1043 4220 1106 4271 et
1135 4213 1394 4273 Thome
1457 4212 1722 4273 filiorum
1785 4214 1975 4287 Iwan,
2037 4214 2335 4273 nobilium
2401 4215 2814 4274 castrensium
2877 4215 3103 4295 Campi
3163 4217 3282 4276 Za-

717 4319 1078 4399 ·grabiensis
1123 4320 1427 4398 prelibati,
1474 4339 1587 4397 per
1633 4320 1804 4398 ipsas
1851 4328 2063 4398 partes
2111 4321 2415 4399 equaliter
2462 4323 2801 4381 electorum
2835 4331 2897 4382 et
2923 4322 3094 4401 ipsas
3140 4342 3281 4402 par-

723 4436 820 4486 tes
870 4427 931 4486 in
977 4426 1296 4505 premissis
1344 4472 1357 4487 .
1407 4470 1420 4485 .
1469 4464 1504 4486 .-
1532 4472 1544 4485 .
1593 4446 1788 4501 orum,
1835 4426 2025 4486 talem
2075 4428 2155 4487 ad
2188 4428 2363 4506 pacis
2412 4437 2475 4487 et
2522 4428 2851 4489 concordie
2884 4430 3285 4490 devenissent

726 4533 1036 4607 unionem,
1099 4534 1266 4611 quod
1311 4533 1459 4613 quia
1505 4534 1782 4611 prefatus
1862 4534 2176 4613 Georgius
2223 4534 2385 4594 filius
2448 4536 2657 4615 Egidii
2719 4537 3037 4615 quandam
3094 4538 3282 4616 parti-

726 4641 932 4700 culam
1001 4648 1164 4700 terre
1235 4640 1485 4701 arabilis
1555 4641 1818 4717 Ledyna
1879 4640 2282 4715 hominatam,
2343 4661 2538 4720 penes
2602 4652 2803 4704 metas
2866 4644 3283 4721 possessionis

727 4748 1149 4824 Rakythowcz
1195 4756 1538 4827 prenotate,
1588 4768 1624 4807 a
1656 4756 1832 4827 parte
1880 4748 2116 4808 scilicet
2161 4749 2445 4809 orientali
2475 4758 2754 4828 pretacte
2786 4752 3087 4830 particule
3120 4760 3282 4812 terre

726 4853 990 4933 Ograda
1037 4855 1352 4915 nominate
1401 4856 1770 4915 existentem
1804 4863 1867 4915 et
1900 4856 2309 4931 adiacentem,
2357 4856 2595 4916 eisdem
2641 4857 2933 4918 fratribus
2966 4858 3283 4918 heremitis

726 4969 789 5023 et
835 4962 1104 5021 claustro
1151 4959 1337 5021 beate
1385 4960 1585 5022 Marie
1632 4962 1910 5040 ipsorum
1957 4971 2304 5041 prenotat0,
2350 4973 2655 5042 perpetuo
2703 4974 2765 5024 et
2796 4964 3284 5053 irrevocabiliter
