3917 5592
3019 411 3139 472 331

597 648 674 690 ex
719 630 998 708 predicto
1061 631 1324 690 condam
1391 629 1669 709 Georgio
1732 647 1974 708 supano
2028 629 2328 709 legittime
2376 629 2843 709 progenitorum
2904 638 2966 691 et
3010 648 3149 708 pro-

597 745 948 797 creatorum
1008 738 1308 816 personi8‚
1371 757 1530 797 onus
1594 736 1874 797 similiter
1937 745 2001 795 et
2060 755 2407 817 gravamen
2478 738 2817 797 eorundem
2887 738 3151 797 filiorum

596 864 852 906 suorum
912 846 977 905 in
1025 864 1093 905 se
1141 845 1341 924 ipsam
1389 853 1611 923 sponte
1659 864 1772 923 per
1817 844 2028 904 omnia
2060 844 2339 905 similiter
2367 846 2809 905 assummendo
2843 845 2922 905 ab
2956 846 3151 907 altera

595 960 789 1031 parte,
836 972 1050 1013 coram
1113 953 1291 1013 nobis
1353 953 1762 1031 personaliter
1824 960 2277 1031 comparenteS,
2343 952 2611 1013 confessi
2672 962 2817 1013 sunt
2879 953 2941 1013 in
2985 954 3153 1014 hunc

596 1061 870 1135 modum,
917 1069 986 1119 ut
1017 1060 1304 1140 quamvis
1351 1060 1511 1120 inter
1541 1060 1710 1138 ipsas
1757 1068 1969 1139 partes
2003 1060 2253 1120 racione
2284 1060 2635 1121 medietatis
2682 1062 2963 1121 totalium
3008 1080 3151 1139 pos-

595 1168 947 1228 sessionum
994 1177 1057 1228 et
1103 1168 1470 1247 porcionum
1515 1168 2170 1246 possessionariarum,
2218 1168 2530 1245 porcionis
2575 1168 2865 1228 videlicet
2902 1188 3149 1246 posses-

595 1275 865 1336 sionarie
911 1275 1174 1355 predicti
1221 1275 1457 1353 Kyrini,
1507 1276 1630 1336 awi
1675 1276 1951 1354 ipsorum
2000 1275 2210 1335 Iacobi
2258 1284 2321 1334 et
2366 1276 2658 1335 Iohannis
2691 1276 2957 1336 filiorum
3004 1277 3151 1337 dicti

592 1383 904 1443 Valentini
953 1384 1015 1443 in
1060 1384 1340 1462 predicta
1387 1382 1737 1442 Korilowcz
1787 1391 1850 1442 et
1896 1382 2029 1442 eius
2078 1382 2477 1461 pertinenciis
2522 1382 2875 1443 habitarum
2924 1383 3039 1445 site
3088 1391 3151 1443 et

594 1490 929 1565 existentiS,
977 1510 1167 1571 quam
1214 1491 1448 1550 scilicet
1492 1476 1852 1569 porcionem
1897 1489 2093 1567 ipsius
2140 1489 2361 1566 Kyrini
2405 1490 2607 1549 Sobar
2656 1490 2737 1549 ab
2771 1491 2993 1551 eodem
3017 1491 3147 1567 Ky-

595 1596 728 1655 rino
774 1598 977 1657 Sobar
1022 1598 1301 1677 prefatus
1349 1598 1616 1658 condam
1663 1596 1978 1677 Georgius
2026 1615 2320 1674 supanuS,
2369 1597 2519 1657 dum
2567 1598 2770 1657 adhuc
2808 1598 2871 1657 in
2903 1599 3022 1658 hoc
3054 1618 3151 1659 se-

593 1705 732 1763 culo
777 1705 1106 1783 temporali
1152 1706 1391 1780 vixiset,
1456 1723 1570 1783 pro
1632 1712 1804 1765 certa
1865 1704 2309 1782 peccuniarum
2373 1704 2718 1783 quantitate
2782 1705 3037 1765 emisset
3091 1714 3153 1766 et

595 1820 1041 1889 comparasset,
1087 1812 1209 1873 litis
1257 1821 1319 1873 et
1364 1811 1708 1891 questionis
1741 1830 1816 1871 ac
1848 1810 2157 1871 discordie
2204 1810 2466 1871 materia
2511 1830 2723 1871 coram
2770 1812 2950 1873 nobis
2982 1820 3154 1873 mota

591 1918 776 1978 fuerit
823 1927 884 1978 et
931 1928 1163 1994 exorta,
1213 1940 1288 1980 ac
1319 1919 1692 1999 aliquandiu
1741 1916 2009 1979 extiterit
2040 1917 2354 1993 ventilata,
2404 1937 2478 1978 ac
2509 1926 2720 1979 tamen
2768 1918 2905 1998 ipse
2939 1928 3152 1999 partes

591 2046 705 2105 per
751 2029 1274 2106 composicionem
1322 2036 1385 2088 et
1430 2027 1897 2088 ordinacionem
1942 2026 2347 2105 plurimorum
2379 2028 2717 2104 proborum
2763 2028 3061 2089 nobilium
3092 2038 3155 2089 et

590 2134 995 2195 honestorum
1042 2137 1315 2197 virorum
1362 2155 1585 2215 pacem
1617 2135 1895 2213 ipsarum
1938 2133 2218 2213 parcium
2250 2135 2612 2209 zelancium,
2646 2135 2728 2195 ad
2758 2137 2947 2195 talem
2978 2136 3153 2215 pacis

591 2250 654 2301 et
700 2244 1030 2304 concordie
1079 2246 1466 2305 devenerunt
1511 2244 1823 2317 unionem,
1872 2243 2042 2322 quod
2087 2242 2222 2321 ipse
2269 2242 2534 2302 Iacobus
2579 2242 2642 2302 in
2689 2262 2805 2303 sua
2837 2252 2900 2304 et
2929 2243 3153 2323 prefati

590 2351 882 2412 Iohannis
927 2352 1134 2412 fratris
1181 2352 1278 2412 sui
1323 2352 1625 2430 personiS,
1687 2350 2035 2431 predictam
2094 2349 2494 2412 medietatem
2557 2350 2838 2411 totalium
2901 2372 3151 2431 posses-

591 2458 836 2519 sionum
904 2468 968 2519 et
1034 2460 1398 2538 porcionum
1466 2458 2120 2538 possessionariarum,
2189 2467 2318 2518 tam
2384 2477 2639 2519 suarum
2703 2480 2894 2540 quam
2955 2460 3151 2540 ipsius

589 2565 796 2627 fratris
845 2568 940 2628 sui
987 2568 1049 2628 in
1081 2569 1324 2647 prefata
1369 2569 1722 2629 Korilowcz
1768 2568 2142 2642 habitarum,
2203 2567 2565 2645 porcionem
2622 2568 2857 2629 scilicet
2900 2588 3150 2648 posses-

592 2673 931 2735 sionariam
977 2676 1202 2754 prefati
1245 2677 1466 2755 Kyrini
1512 2677 1730 2751 Sobar,
1780 2676 1903 2736 awi
1933 2675 2029 2737 sui
2073 2675 2135 2735 in
2168 2676 2391 2735 eadem
2436 2676 2809 2753 Korylowcz
2855 2676 3149 2751 habitam,

588 2800 777 2861 quam
827 2782 980 2843 alias
1026 2783 1342 2862 predictus
1405 2786 1672 2845 condam
1733 2784 2050 2864 Georgius
2116 2801 2392 2861 supanus
2455 2782 2584 2842 vita
2646 2782 2763 2843 sibi
2822 2784 3151 2861 temporali

586 2889 812 2951 comite
862 2910 901 2951 a
945 2892 1224 2970 predicto
1269 2892 1509 2969 Kyrino
1554 2892 1773 2965 Sohar,
1821 2900 1888 2951 ut
1914 2890 2252 2970 predicitur
2283 2899 2727 2968 comparasset,
2775 2890 2959 2951 simul
3006 2910 3149 2951 cum

588 2999 877 3059 omnibus
925 2999 1206 3059 eiusdem
1252 2998 1604 3060 medietatis
1650 2999 1928 3077 ipsarum
1974 2997 2256 3059 totalium
2304 2998 2775 3075 possessionum
2840 3006 2904 3057 et
2947 2998 3147 3077 porci-

589 3124 781 3165 onum
826 3106 1480 3185 possessionariarum‚
1527 3104 1839 3184 porcionis
1867 3104 2156 3165 videlicet
2200 3104 2461 3183 predicti
2493 3104 2713 3182 Kyrini
2743 3105 2947 3164 Sobar
2989 3104 3148 3165 utili·

585 3213 834 3287 tatibus,
881 3214 1302 3291 proventibuS,
1368 3214 1582 3274 usibus
1645 3221 1706 3273 et
1751 3212 2149 3291 pertinenciis
2220 3212 2544 3287 universis,
2599 3212 2838 3291 prefate
2898 3212 3147 3273 domine

585 3319 930 3395 Elyzabeth
977 3320 1204 3396 relicte,
1253 3330 1316 3381 et
1375 3320 1667 3399 predictis
1729 3320 1991 3394 Bricci0,
2058 3320 2299 3379 Thome
2348 3327 2411 3379 et
2455 3320 2684 3380 Iacobo
2746 3317 2886 3379 filiis
2952 3319 3147 3397 ipsius

588 3428 855 3487 condam
903 3426 1162 3505 Georgii
1209 3428 1446 3506 supani,
1495 3428 1820 3488 confessus
1867 3437 1966 3488 est
2010 3445 2224 3487 coram
2287 3426 2467 3485 nobis
2530 3426 2778 3486 dedisse
2844 3436 3147 3505 perpetuo

586 3533 1050 3611 possidendam,
1099 3512 1363 3613 excepta
1409 3544 1633 3614 quarta
1677 3534 1937 3613 puellari
1966 3534 2187 3594 nobilis
2224 3534 2473 3593 domine
2505 3534 2704 3594 Elena
2736 3542 2976 3607 vocate,
3022 3534 3147 3594 filie
3214 3574 3219 3579 -

587 3642 855 3702 condam
917 3642 1157 3703 Mathei
1204 3644 1283 3703 de
1346 3644 1716 3720 Korylowcz
1780 3642 2155 3720 supradicta,
2219 3660 2408 3721 quam
2466 3642 2545 3701 ab
2608 3642 2831 3702 eadem
2895 3642 3148 3702 domina

591 3749 792 3809 Elena
838 3749 972 3827 ipse
1021 3750 1336 3831 Georgius
1385 3751 1652 3810 condam
1699 3768 1995 3829 supanuS‚
2044 3749 2193 3809 dum
2241 3748 2445 3809 adhuc
2490 3748 2657 3809 idem
2685 3748 2999 3830 Georgius
3045 3768 3146 3809 su-

590 3877 793 3936 panus
841 3858 906 3918 in
952 3859 1072 3918 hoc
1119 3861 1330 3920 seculo
1378 3859 1705 3938 temporali
1731 3858 2006 3931 vixisset,
2054 3876 2168 3936 pro
2216 3864 2387 3917 certa
2433 3857 2875 3935 peccuniarum
2910 3856 3149 3936 quanti-

591 3972 721 4025 tate
769 3966 1040 4042 emisset,
1091 3976 1154 4026 et
1201 3976 1462 4045 excepta
1510 3966 1785 4046 quadam
1832 3964 2221 4025 dimensione
2267 3972 2431 4023 terre
2482 3964 2731 4023 arabilis
2762 3965 2933 4044 wlgo
2978 3964 3150 4024 meth

591 4071 772 4148 dicta,
820 4073 881 4133 in
931 4074 1209 4152 predicta
1257 4074 1552 4152 porcione
1598 4071 2097 4152 possessionaria
2142 4070 2337 4149 ipsius
2384 4070 2601 4146 Kyrini
2670 4070 2875 4131 Sobar
2919 4070 3148 4145 habita,

585 4198 773 4257 quam
820 4181 1102 4261 predicta
1164 4180 1418 4242 domina
1474 4179 1818 4256 Elyzabeth
1867 4198 2006 4239 cum
2056 4178 2206 4257 ipsis
2255 4177 2392 4237 filiis
2440 4178 2587 4253 suiS,
2633 4178 2877 4257 prefato
2918 4178 3146 4238 Iacobo

586 4298 647 4349 et
694 4290 812 4368 ipsi
858 4290 1116 4350 Iohanni
1161 4288 1334 4349 fratri
1382 4308 1496 4348 suo
1543 4286 1818 4365 porcioni
1868 4305 1983 4346 seu
2028 4284 2347 4345 medietati
2395 4303 2611 4344 eorum
2644 4284 3138 4363 possessionarie

586 4398 1004 4479 adiungendO,
1054 4397 1289 4458 remisit
1334 4396 1613 4456 similiter
1674 4401 1976 4473 perpetuo
2036 4392 2483 4471 possidendam
2501 4412 2525 4466 3⁴
2579 4399 2642 4451 et
2687 4411 2829 4452 cum
2890 4392 3145 4451 tandem

584 4524 698 4563 nos
747 4505 829 4565 ad
874 4504 1208 4564 instantem
1272 4503 1644 4581 peticionem
1708 4500 1947 4579 prefate
1997 4498 2245 4559 domine
2308 4499 2653 4576 Elyzabeth
2716 4508 2779 4559 et
2839 4499 3144 4559 dictorum

588 4612 846 4673 filiorum
910 4632 1182 4686 suorum,
1246 4612 1486 4672 nobiles
1547 4610 1715 4670 viros
1778 4608 2056 4669 Blasium
2124 4607 2315 4667 filium
2381 4608 2639 4684 Mathye
2695 4608 2773 4666 de
2820 4606 3036 4667 Mlaka
3083 4612 3146 4666 et

585 4721 990 4780 Benedictum
1054 4721 1351 4800 Krwpich
1415 4718 1941 4799 cognominatum,
1992 4735 2317 4796 generum
2385 4716 2652 4775 condam
2716 4714 2975 4794 Georgii
3036 4713 3143 4773 filii

584 4828 824 4888 Nicolai
871 4829 950 4888 de
997 4829 1224 4889 eadem
1269 4828 1502 4901 Mlaka,
1547 4826 1916 4905 iobagiones
1983 4822 2270 4883 videlicet
2334 4830 2582 4882 nostros
2645 4822 3014 4902 fidedignoe,
3064 4822 3142 4881 de

585 4936 736 4995 sede
779 4942 992 4995 nostra
1041 4933 1358 4994 iudiciaria
1409 4934 1704 5011 predicta,
1769 4931 1926 4991 feria
1993 4930 2271 4991 secunda
2318 4929 2693 5006 supradicta,
2743 4928 2824 4989 ad
2885 4946 3140 5005 separa·
