3917 5592
752 397 883 461 226

964 608 1005 661 E
1030 610 1385 676 transumpto
1411 606 1639 660 authen.
1668 603 2062 672 christophori
2089 601 2340 671 Vngnad,
2369 599 2595 655 comitis
2617 596 3050 653 Varasdinensis
3076 613 3125 651 a.
3159 594 3314 649 1582.

748 699 809 751 In
850 697 1084 751 archivo
1124 711 1405 749 commun,
1445 695 1576 749 nob.
1616 693 1686 747 de
1737 692 2060 761 Turopolje.
2101 720 2166 730 —
2207 690 2250 743 E
2292 686 2876 743 confirmationalibus
2927 685 3072 753 regis
3125 685 3315 739 Ferdi-

754 786 930 840 nandi
980 786 1069 839 111.
1110 801 1159 838 a.
1200 783 1357 837 1643.
1396 782 1446 837 5.
1487 781 1799 837 decembris
1849 796 1952 849 pro
2005 783 2163 848 parte
2215 778 2491 833 nobilium
2545 775 2835 829 Michaelis
2885 774 2986 827 filii
3024 774 3311 827 Benedicti

750 874 886 929 olim
944 874 1171 941 Mixich,
1228 889 1295 926 ac
1352 871 1579 926 Ioannis
1654 870 1754 924 filii
1812 869 2082 923 Matthiae
2149 867 2437 937 quondam
2494 865 2753 920 similiter
2801 863 3026 930 Mixich‚
3093 878 3316 916 necnon

748 978 1057 1033 puerorum
1106 962 1339 1016 alterius
1404 963 1598 1029 utpote
1657 958 1887 1013 Ioannis
1936 963 1993 1012 et
2051 956 2276 1025 Georgii
2327 956 2572 1010 filiorum
2623 954 2884 1008 similiter
2934 951 3158 1020 Georgii
3214 952 3314 1005 filii

749 1046 988 1122 praefati
1039 1050 1176 1105 olim
1228 1050 1498 1105 Matthiae
1548 1048 1774 1117 Mixich,
1816 1047 2004 1101 fratris
2050 1045 2315 1100 videlicet
2353 1043 2596 1098 carnalis
2635 1045 2691 1097 et
2727 1041 2932 1097 uterini
2972 1040 3104 1095 dicti
3143 1040 3318 1094 Bene-

749 1140 881 1194 dicti
920 1138 1147 1209 Mixich,
1178 1138 1439 1206 elargitis.
1480 1136 1764 1207 Originale
1792 1136 2220 1190 membraneum
2249 1133 2304 1187 in
2332 1132 2567 1187 archivo
2582 1130 2832 1186 familiae
2855 1128 3180 1185 Laszowski
3217 1129 3318 1182 Za-

747 1228 1000 1298 grabiae:
1040 1228 1181 1282 Acta
1219 1226 1469 1281 familiae
1508 1226 1706 1280 Miksic
1743 1225 1846 1279 No.
1888 1224 1939 1279 1.
3250 1280 3260 1292 θ

964 1319 1085 1373 Hoc
1122 1317 1271 1372 idem
1323 1318 1725 1370 documentum
1777 1313 2138 1369 confirmavit
2183 1312 2339 1381 prius
2387 1328 2488 1366 rex
2534 1310 2870 1378 Rudolphus
2909 1309 2972 1363 11.
3013 1307 3169 1362 1582.
3209 1323 3311 1375 pro

747 1412 908 1478 parte
946 1408 1225 1462 nobilium
1268 1406 1475 1461 Mathei
1513 1404 1717 1460 literati
1754 1404 2110 1473 Zalathnoky
2151 1404 2220 1457 de
2259 1402 2576 1455 Zalathnok
2613 1416 2678 1453 ac
2716 1398 3004 1453 Benedicti
3043 1397 3143 1451 filii
3181 1412 3314 1450 con-

749 1498 881 1552 dam
938 1496 1168 1551 Ioannis
1205 1511 1428 1551 necnon
1488 1494 1761 1563 Stephani
1801 1498 1856 1548 et
1893 1492 2145 1547 Simonis
2183 1491 2285 1546 filii
2338 1490 2476 1545 olim
2517 1489 2741 1559 Georgii
2785 1486 3006 1557 Mixych
3046 1487 3114 1540 de
3153 1487 3314 1540 Infer.

751 1586 1085 1641 kaawech
1128 1602 1195 1639 ac
1231 1584 1515 1639 Francisci
1556 1588 1611 1637 et
1651 1582 1903 1651 Gregorii
1943 1581 2231 1650 quondam
2271 1580 2499 1634 loannis
2539 1577 2970 1646 Zthanilowych
3009 1576 3077 1629 de
3116 1573 3315 1629 eadem

756 1675 859 1731 Inf.
898 1675 1231 1729 kaawech
1272 1674 1534 1741 filiorum,
1574 1676 1630 1727 et
1667 1671 1837 1726 Marci
1873 1669 2320 1740 Zthanylowych
2350 1669 2418 1723 de
2445 1668 2662 1723 eadem.
2701 1665 2879 1735 Copia
2904 1662 3115 1719 saeculi
3155 1662 3317 1716 xvu.

754 1766 901 1818 lecta
940 1767 996 1817 et
1034 1764 1285 1817 correcta
1322 1778 1423 1831 per
1463 1762 1744 1817 Andream
1786 1759 2223 1815 Chednekovich
2265 1759 2427 1813 iurat.
2468 1759 2648 1811 notar.
2688 1754 2884 1825 Campi
2924 1752 3314 1822 Zagrabiensis

752 1854 1049 1921 sigilloque
1088 1852 1211 1907 eius
1250 1850 1617 1905 communita.
1656 1852 1717 1903 In
1757 1848 1901 1903 cista
1938 1864 2220 1903 commun.
2261 1848 2392 1902 nob.
2432 1847 2516 1902 de.
2553 1846 2716 1900 Infer.
2758 1843 3109 1899 kaawecb.

971 1994 986 2025 ¹
1026 1996 1124 2048 sic.

1930 2202 2142 2273 222.

964 2388 1155 2449 Anno
1219 2386 1405 2449 1428.
1456 2386 1559 2448 27.
1610 2386 1998 2465 septembris
2045 2386 2417 2466 Zagrabiae.

758 2563 1203 2629 Lowrandus
1237 2562 1449 2647 filius
1489 2560 1812 2647 Gyurgek
1856 2562 1938 2625 de
1987 2562 2236 2638 Losan,
2285 2583 2508 2627 comes
2545 2562 2793 2646 Campi
2825 2559 3320 2644 Zagmbiensis

754 2694 836 2735 ac
895 2670 1216 2735 Vrbanus
1236 2668 1446 2753 filius
1478 2668 1801 2753 Mathyae
1846 2669 1927 2733 de
1975 2668 2136 2753 Sup.
2188 2669 2645 2754 Lompnycza‚
2695 2689 2918 2733 comes
2964 2666 3319 2732 terrestris

745 2777 1053 2843 eiusdem
1107 2776 1374 2860 Campi,
1437 2777 1889 2839 statutionem
1940 2776 2140 2839 Petri
2183 2778 2248 2839 et
2293 2777 2530 2841 Blasii
2575 2796 2736 2840 cum
2803 2774 3110 2839 Iohanne
3145 2772 3309 2857 filio

748 2886 1045 2950 Lucasz‘i
1092 2888 1157 2948 et
1206 2884 1407 2947 Petro
1462 2882 1625 2967 filio
1670 2883 1976 2947 eiusdem
2029 2882 2385 2962 IohanniS,
2431 2882 2794 2969 fratribus
2846 2879 3320 2966 patruelibuS„

752 2993 831 3056 in
859 2991 1217 3075 portiones
1241 2990 1839 3073 possessionarias
1882 2991 1944 3055 T
1937 2989 2216 3075 rebesyn
2264 2993 2329 3055 et
2374 2989 2887 3076 Rakythowech,
2933 2988 3320 3073 notzficant.

964 3172 1099 3231 Nos
1146 3171 1536 3230 Lowrandus
1585 3172 1747 3231 filius
1795 3172 2102 3252 Gyurgek
2150 3173 2228 3233 de
2275 3175 2487 3233 Losan
2535 3191 2748 3232 comes
2795 3170 3023 3249 Campi
3070 3172 3310 3251 Zagra-

751 3278 986 3339 biensis
1035 3297 1110 3337 ac
1156 3278 1448 3337 Vrbanus
1496 3278 1656 3337 filius
1705 3280 1962 3356 Mathye
2011 3282 2090 3340 de
2138 3280 2454 3360 Superiori
2501 3281 2902 3359 Lompnycza
2950 3298 3161 3338 comes
3193 3285 3312 3337 ter·
3350 3344 3356 3352 .

754 3385 968 3444 restris
1001 3385 1283 3444 eiusdem
1317 3383 1544 3463 Campi
1575 3386 1873 3446 memorie
1907 3388 2420 3447 commendamus
2453 3406 2566 3466 per
2597 3386 3140 3465 presenteS,·quod
3171 3405 3313 3444 cum

754 3511 871 3552 nos
906 3493 987 3551 ad
1018 3490 1353 3551 instantem
1385 3492 1757 3570 peticionem
1806 3494 1975 3553 Petri
2003 3494 2113 3554 filii
2140 3493 2400 3575 Georgii
2447 3502 2510 3554 et
2553 3493 2746 3554 Blasii
2777 3491 2885 3553 filii
2914 3493 3175 3569 Mathye
3207 3491 3313 3552 filii

752 3599 968 3673 Marci,
1014 3599 1274 3658 fratrum
1332 3599 1566 3659 scilicet
1602 3601 1984 3679 patruelium
2041 3602 2463 3681 nobiliumque
2496 3600 2906 3662 castrensium
2954 3601 3032 3660 de
3081 3601 3312 3673 Mlaka‚

755 3706 937 3766 nobis
1000 3706 1114 3766 iuri
1163 3726 1435 3766 consone
1484 3707 1714 3767 factam
1762 3716 1949 3788 atque
1997 3718 2366 3787 porrectam,
2413 3709 2652 3769 nobiles
2700 3708 2866 3768 viros
2913 3708 3201 3767 Thoman
3245 3707 3312 3766 fi-

750 3815 899 3875 lium
944 3815 1117 3873 lwan
1165 3815 1244 3874 de
1297 3814 1569 3875 Goricza
1617 3836 1690 3875 ac
1722 3816 2002 3876 Blasium
2033 3816 2227 3876 filium
2259 3816 2483 3877 Briccii
2528 3818 2607 3876 de
2655 3817 2902 3889 eadem,'
2943 3815 3313 3895 iobagiones

754 3928 1003 3981 nostros
1067 3921 1440 4001 fidedignos,
1508 3923 1587 3981 ad
1653 3922 2110 4001 infrascriptam
2156 3923 2718 4002 possessionariam
2781 3923 3194 3983 statucionem
3255 3931 3318 3981 et

758 4028 943 4089 metis
993 4048 1069 4088 ac
1116 4028 1312 4109 signis
1384 4030 1715 4090 metalibus
1778 4030 2330 4111 consignacionem
2395 4032 2626 4091 directe
2676 4039 2738 4091 et
2785 4030 3021 4110 equalis
3083 4029 3313 4090 medie·

762 4136 907 4196 tatis
954 4136 1347 4215 quarundam
1410 4136 1879 4216 possessionum
1929 4147 1991 4197 et
2036 4139 2401 4218 porcionum
2466 4138 3100 4217 possessionariarum
3162 4138 3314 4196 Tre-

764 4245 965 4321 besyn
1011 4252 1396 4319 vocatarum,
1444 4245 1505 4305 in
1553 4245 1832 4324 predicta
1862 4246 2080 4306 Mlaka
2129 4266 2203 4306 ac
2249 4248 2312 4307 in
2357 4247 2828 4324 Rakythowech
2875 4254 2939 4305 et
2984 4246 3138 4305 alias
3185 4244 3314 4304 ubi-

759 4351 855 4411 vis
903 4352 1256 4411 habitarum
1303 4360 1366 4412 et
1411 4353 1835 4427 existencium,
1883 4354 2054 4433 ipsos
2103 4355 2393 4415 videlicet
2436 4356 2693 4415 Petrum
2743 4364 2805 4414 et
2849 4354 3128 4414 Blasium
3174 4373 3316 4412 cum

759 4460 1035 4519 Iohanne
1082 4460 1207 4520 filio
1255 4461 1505 4521 Lucasii
1552 4469 1615 4521 et
1660 4462 1848 4521 Petro
1881 4462 2006 4521 filio
2040 4463 2318 4523 eiusdem
2349 4439 2658 4537 IohanniS,
2707 4462 2998 4521 fratribus
3031 4462 3318 4521 videlicet

760 4566 1040 4626 similiter
1085 4568 1469 4645 patruelibus
1517 4570 1594 4628 de
1642 4568 1921 4650 predicta
1978 4570 2196 4629 Mlaka
2244 4570 2653 4630 communiter
2699 4569 3119 4648 tangencium,
3165 4588 3316 4648 quo-

755 4673 979 4751 visque
1030 4674 1151 4733 alio
1199 4675 1465 4735 nominis
1524 4676 1833 4735 vocabulo
1896 4676 2328 4752 vocitatamm‚
2376 4678 2453 4737 de
2505 4678 2656 4736 sede
2719 4685 2934 4736 nostra
2981 4676 3316 4751 iudiciaria,

760 4780 913 4841 feria
984 4784 1262 4843 secunda
1322 4783 1608 4863 proxima
1654 4791 1799 4843 ante
1846 4784 2074 4843 festum
2141 4784 2482 4868 nativitatis
2543 4785 2729 4844 beate
2775 4783 3035 4865 virginis
3099 4784 3302 4844 Marie

754 4910 916 4949 nunc
965 4890 1243 4967 proxime
1306 4893 1685 4969 preteritum,
1748 4893 2102 4953 faciendam
2151 4914 2262 4952 seu
2311 4895 2600 4968 fiendam,
2663 4894 2965 4973 legittime
3012 4892 3316 4952 destinas-
