3917 5592
2985 438 3118 506 217

557 655 827 715 fatorum
876 663 1157 716 actorum
1222 657 1471 736 penitus
1521 665 1583 717 et
1628 657 1691 717 in
1738 666 1869 717 toto
1906 659 2106 718 modo
2152 677 2277 736 quo
2326 678 2516 738 supra
2561 665 3018 738 sequestratam
3064 668 3127 720 et

560 763 639 822 ad
686 762 993 842 prefatam
1054 765 1520 844 possessionem
1566 765 1761 843 ipsius
1808 766 2043 826 domini
2090 766 2474 826 succentoris
2523 765 2964 827 Costhaneucz
2999 787 3120 827 ,νο-

559 878 765 930 catam
811 871 1123 948 pertinere
1171 880 1235 932 et
1280 891 1592 932 annexam
1624 872 2093 951 comperissent,
2141 873 2396 953 insuper
2443 881 2650 933 autem
2701 893 2891 934 unam
2940 874 3126 935 aliam

560 978 779 1037 silvam
841 979 1025 1039 valde
1078 999 1395 1060 magnam,
1456 981 1697 1058 prefate
1744 979 1899 1041 silve
1945 981 2218 1062 litigiose
2285 981 2666 1062 contiguam,
2731 1001 3126 1042 communem

559 1085 711 1163 ipsis
768 1087 1051 1164 partibus
1100 1095 1162 1146 et
1207 1087 1378 1166 ipsos
1442 1088 1745 1167 equaliter
1807 1097 2288 1148 concernentem
2350 1087 2746 1166 reperissent,
2793 1089 2857 1148 in
2903 1091 3128 1150 eadem

558 1191 719 1251 silva
774 1212 1011 1274 magna
1067 1193 1350 1272 partibus
1399 1194 1517 1254 sibi
1581 1195 1849 1255 invicem
1897 1215 2024 1256 non
2071 1195 2656 1257 contradicentibus,
2720 1195 2854 1254 Nos
2900 1195 3127 1275 itaque,

560 1301 667 1378 qui
714 1321 789 1361 ex
839 1302 1115 1380 suscepti
1170 1301 1359 1362 officii
1420 1301 1615 1362 nostri
1661 1321 1829 1378 cura,
1874 1322 2384 1383 unumquemque
2431 1304 2549 1364 sub
2609 1311 2824 1363 nostra
2883 1303 3126 1363 dicione

563 1416 627 1467 et
670 1416 983 1486 potestate
1033 1409 1453 1493 consti-tutum,
1501 1429 1617 1471 suo
1666 1410 1799 1470 iure
1831 1413 2113 1490 gaudere
2156 1413 2444 1471 volumus
2492 1418 2555 1471 et
2598 1409 2798 1489 potiri,
2844 1411 3033 1470 deum
3065 1419 3128 1472 et
3183 1400 3190 1406 ⁴

560 1515 692 1574 eius
740 1515 1065 1592 iusticiam,
1114 1537 1153 1577 a
1199 1538 1324 1597 quo
1373 1527 1599 1579 cuncta
1647 1539 1799 1580 vera
1847 1529 1910 1580 et
1955 1519 2122 1580 iusta
2179 1520 2491 1599 prodeunt
2536 1527 2600 1579 et
2643 1519 2988 1596 procedunt
3034 1520 3124 1578 iu-

559 1622 737 1698 dicia,
800 1642 912 1701 pre
959 1625 1155 1684 oculis
1215 1626 1539 1700 habenteS,
1598 1627 1907 1706 prefatam
1971 1646 2228 1687 causam
2291 1635 2504 1706 partes
2563 1625 2722 1686 inter
2766 1626 3124 1712 premissas,

558 1730 744 1790 modo
776 1731 1103 1808 prehabito
1134 1751 1347 1793 coram
1378 1734 1559 1794 nobis
1602 1743 1839 1795 motam
1888 1743 1952 1794 et
1997 1743 2362 1809 vertentem,
2396 1742 2567 1794 recto
2613 1725 2937 1795 libramine
2969 1713 3123 1812 pon·

558 1837 837 1898 derando
900 1839 1219 1918 ipsiusque
1285 1841 1520 1903 domini
1583 1842 1967 1902 succentoris
2031 1843 2266 1902 iuribus
2338 1850 2402 1901 et
2471 1824 2838 1901 litteralibus
2898 1841 3122 1901 instru-

558 1945 801 2018 mentiS,
848 1946 1298 2023 nichilominuS,
1346 1949 1515 2027 quod
1578 1949 1801 2028 prefati
1850 1958 2096 2010 actores
2159 1949 2552 2009 solummodo
2615 1948 2879 2026 simplici
2926 1929 3123 2040 uerbo

558 2061 623 2112 et
686 2054 853 2113 nullo
922 2053 1054 2114 iure
1122 2055 1439 2116 mediante
1504 2056 1736 2116 dictam
1798 2057 2021 2117 silvam
2086 2057 2248 2116 intra
2309 2064 2510 2116 metas
2572 2055 2915 2134 prescripte
2979 2056 3122 2116 ville

557 2160 995 2221 Costhaneucz
1059 2171 1283 2222 vocate
1349 2163 1645 2240 habitam,
1720 2184 1901 2226 suam
1971 2165 2105 2225 fore
2183 2164 2566 2244 allegabant,
2621 2141 3122 2242 revisionemqiie

555 2267 937 2344 prefatorum
983 2270 1319 2347 proborum
1383 2271 1655 2330 virorum
1702 2291 1817 2349 per
1864 2273 2122 2332 eosdem
2169 2279 2392 2350 sponte
2459 2270 2818 2345 admissam,
2867 2247 3122 2332 attesta-

556 2373 799 2434 cionem
847 2375 1049 2435 eciam
1097 2377 1439 2436 eorundem
1486 2378 1825 2455 proborum
1888 2379 2164 2438 virorum
2213 2398 2289 2438 ac
2334 2359 2686 2464 predictam⁴
2741 2373 3121 2460 'revisionem

546 2479 1030 2559 inquisicionem
1078 2491 1141 2542 et
1186 2485 1757 2572 reambulacionem
1814 2485 2064 2560 factam,
2113 2505 2226 2564 per
2273 2487 2550 2564 ipsorum
2616 2466 2869 2546 Litteras'
2899 2506 3121 2564 preno-

554 2597 717 2648 tatas
774 2589 959 2649 nobis
1022 2591 1357 2669 rescriptas
1420 2593 1586 2652 clare
1654 2593 2144 2666 consideranteS,
2208 2613 2478 2653 unacum
2542 2571 2851 2653 nonnullis
2911 2594 3122 2672 probis

554 2704 617 2756 et
662 2695 971 2756 nobilibus
1017 2699 1166 2758 viris
1214 2698 1540 2758 nobiscum
1587 2699 1648 2759 in
1695 2699 1924 2760 iudicio
1991 2701 2494 2774 consedentibuS,
2542 2701 2850 2778 prefatam
2899 2703 3122 2761 silvam

554 2805 635 2864 ad
682 2804 1091 2883 prescriptam
1122 2807 1331 2865 villam
1363 2805 1803 2868 Costhaneucz
1850 2816 2161 2880 vocatam,
2209 2809 2398 2868 modo
2443 2808 2772 2885 prehabito
2818 2808 3125 2868 metaliter

554 2914 909 2974 distinctam
956 2924 1019 2974 et
1064 2925 1541 2994 sequestratam,
1603 2916 1908 2994 prelibato
1978 2915 2230 2976 domino
2291 2916 2626 2976 Francisco
2694 2917 2998 2976 canonico
3060 2926 3123 2977 et

554 3023 903 3082 succentori
950 3024 1461 3098 adiudicaviinuS‚
1509 3042 1721 3101 ymmo
1755 3023 2188 3084 adiudicamus
2238 3023 2634 3102 presencium
2682 3042 2795 3101 per
2838 3032 3122 3085 tenorem

552 3149 665 3207 per
711 3131 977 3190 eundem
1026 3142 1329 3210 perpetuo
1390 3133 1857 3211 possidendam,
1922 3130 2180 3211 prefatis
2243 3132 2556 3192 actoribus
2605 3141 2668 3192 et
2715 3133 2850 3192 aliis
2898 3134 3115 3211 qu'ibu-

552 3237 682 3296 svis
752 3239 1105 3300 hominibus
1187 3249 1562 3319 perpetuum
1624 3240 1946 3300 silencium
1993 3241 2404 3319 imponentes,
2472 3241 2696 3300 harum
2757 3250 3114 3301 nostrarum

550 3345 769 3425 vigore
818 3355 879 3406 et
926 3347 1281 3407 testimonio
1340 3348 1684 3407 litterarum
1746 3347 2078 3408 mediante.
2141 3349 2210 3407 In
2275 3347 2452 3407 cuius
2500 3348 2589 3407 rei
2623 3347 3004 3408 memoriam
3049 3357 3112 3408 et

550 3453 907 3514 firmitatem
953 3464 1338 3533 perpetuam,
1384 3464 1711 3534 presentes
1759 3456 1995 3515 litteras
2042 3463 2287 3514 nostras
2335 3455 2661 3533 pendentis
2713 3457 2966 3516 minoris
3013 3477 3111 3516 se·

550 3561 703 3620 creti
750 3562 934 3642 sigilli
979 3563 1173 3622 nostri
1218 3563 1558 3623 munimine
1606 3563 1931 3623 roboratas
1994 3563 2198 3640 eidem
2243 3563 2495 3623 domino
2542 3564 2892 3623 succentori
2938 3555 3110 3625 duxi·

468 3691 481 3705 ·
550 3688 690 3727 mus
738 3671 1190 3730 concedendas
1259 3671 1491 3730 Datum
1537 3670 1600 3730 in
1648 3671 1943 3744 Dombr0,
1994 3671 2257 3730 sabbato
2305 3670 2368 3729 in
2412 3670 2573 3730 festo
2621 3671 2852 3730 scilicet
2914 3659 3114 3732 sancti

549 3776 727 3837 Pauli
772 3777 952 3855 primi
1000 3778 1317 3852 heremite,
1366 3797 1531 3838 anno
1581 3779 1813 3838 domini
1878 3778 2204 3839 millesimo
2251 3778 2871 3858 quadringentesimo
2934 3780 3108 3860 vige-

552 3883 711 3944 simo
758 3894 1001 3945 octavo,

768 4021 1053 4092 originale
1092 4026 1537 4094 membraneum,
1578 4025 1861 4095 appendet
1910 4026 2098 4081 solum
2137 4041 2283 4080 zona
2318 4027 2489 4080 rubra
2525 4026 2739 4080 sericea
2787 4025 2999 4094 absque
3037 4025 3105 4079 si·

548 4112 698 4180 gillo.
737 4114 797 4166 ln
838 4113 979 4168 cista
1016 4113 1443 4169 communitatis
1481 4114 1757 4169 nobilium
1798 4115 1867 4169 de
1905 4115 2068 4170 Inser.
2111 4115 2398 4169 Lomnica.

770 4275 784 4305 ¹
822 4274 920 4332 sic.
998 4276 1018 4304 ²
1055 4275 1137 4329 sic
1176 4280 1521 4345 (nunquam).
1599 4275 1617 4304 ³
1654 4275 1751 4328 sic.
1830 4276 1851 4304 ⁴
1890 4275 1983 4330 sic.
