3917 5592
2917 644 2985 688 Pa
2992 645 3113 702 gina

597 736 679 804 58.
719 739 871 788 Anno
920 737 1070 804 1346.
1119 753 1198 790 12.
1237 738 1376 789 maii.
1417 738 1713 804 Capitulum
1755 739 2000 789 ecclesiae
2040 739 2414 806 Zagrabiensis,
2452 739 2718 790 Lodovico
2757 741 2902 790 Hun-

711 827 884 892 gat-iae
921 835 1017 877 etc.
1056 826 1184 894 regi,
1225 827 1289 876 de
1326 836 1532 893 peracta
1568 826 1850 878 statutione
1889 827 2241 893 possessionis
2270 827 2604 888 Rakitouech,
2643 827 2898 894 Gregorio

710 915 817 966 filio
856 915 1122 981 Stephani,
1159 915 1331 994 refert.
1429 952 2805 971 ....................
2820 954 2823 963 -
2860 953 2875 970 .
3036 931 3099 983 57

591 1021 672 1072 59.
715 1007 865 1055 Anno
912 1003 1062 1072 1346.
1109 1004 1188 1056 16.
1229 1005 1369 1056 maii.
1409 1005 1708 1072 Capitulum
1748 1005 1995 1057 ecclesiae
2033 1006 2393 1072 Zagrabiensis
2445 1007 2757 1070 praecedens
2796 1007 2889 1056 do-

709 1105 1010 1145 cumentum
1049 1095 1341 1150 transumit.
1439 1131 2097 1149 ..........
2227 1129 2885 1150 ..........
3042 1095 3110 1146 60

585 1183 671 1235 60.
713 1185 864 1233 Anno
911 1183 1060 1250 1346.
1102 1183 1151 1234 6.
1193 1183 1510 1234 novembris.
1554 1183 1849 1250 Zagrabiae.
1890 1185 2081 1234 Coram
2132 1185 2251 1236 luan
2292 1183 2401 1234 filio
2440 1184 2670 1252 Bogdani
2708 1185 2899 1235 comite

710 1273 958 1333 terrestri,
998 1273 1202 1324 nobiles
1240 1273 1304 1324 de
1343 1273 1602 1333 Mraczlin,
1641 1283 1830 1324 terram
1869 1285 2053 1324 eorum
2092 1273 2483 1324 haereditariam
2524 1273 2900 1339 Rakythowecz

711 1364 774 1412 de
812 1363 1102 1413 Cordozlao
1140 1372 1192 1413 et
1230 1361 1350 1413 filiis
1390 1361 1500 1413 suis
1538 1365 1788 1413 eximunt.
1873 1397 2891 1418 ...............
3045 1360 3113 1411 60

578 1451 668 1501 61.
711 1453 862 1501 Α11110
908 1465 1058 1518 1347.
1103 1466 1150 1518 5.
1191 1451 1378 1503 martii.
1417 1451 1714 1519 Zagrabiae.
1754 1451 1998 1502 Nicolaus
2024 1449 2162 1502 Zech
2192 1451 2353 1502 totius
2390 1451 2693 1502 Sclauoniae
2712 1451 2897 1516 banus,

714 1540 1042 1608 privilegium
1083 1541 1258 1591 Karoli
1301 1540 1594 1607 Hungariae
1631 1551 1727 1590 etc.
1768 1539 1924 1608 regis,
1967 1557 2012 1593 a.
2058 1556 2207 1607 1333.
2247 1556 2297 1604 4.
2338 1540 2447 1590 iulii
2486 1556 2643 1607 super
2692 1540 2895 1591 liberta·

709 1629 850 1680 tibus
888 1629 1223 1695 iobagionum
1263 1629 1414 1680 castri
1457 1629 1814 1696 Zagrabiensis
1852 1644 2178 1689 concessum,
2218 1639 2397 1682 ratum
2426 1630 2577 1681 habet
2580 1665 2885 1684 .....
3039 1627 3100 1682 61

543 1783 552 1788 ⁹
587 1717 671 1767 62.
713 1720 862 1768 Anno
909 1733 1059 1785 1349.
1102 1733 1146 1784 5.
1185 1718 1330 1772 iunii.
1370 1718 1661 1784 Zagrabiae.
1701 1718 1944 1769 Nicolaus
1982 1719 2148 1769 banus
2186 1717 2347 1769 totius
2384 1719 2702 1780 Sclaveniae,
2754 1719 2892 1783 capi-

715 1808 826 1857 tulo
863 1807 1111 1858 ecclesiae
1150 1807 1530 1874 Zagrabiensis,
1569 1819 1625 1858 ut
1662 1809 1916 1873 quasdam
1945 1808 2213 1874 portiones
2241 1809 2675 1874 possessionarias
2714 1808 2766 1858 in
2806 1808 2899 1857 Pe·

712 1896 963 1947 trusouch
1001 1906 1054 1946 et
1093 1897 1412 1962 Rakytouch,
1453 1913 1582 1963 quas
1621 1897 1906 1964 Gregorius
1953 1896 2091 1948 filius
2127 1898 2391 1964 Stephani,
2431 1912 2489 1948 ac
2532 1897 2693 1960 Radk‚
2726 1898 2893 1951 ,Leuk

723 1998 773 2037 et
811 1987 1073 2054 Woynich
1113 1987 1212 2038 sibi
1263 1987 1492 2038 vicissim
1543 1987 1919 2054 relinquerunt,
1971 1989 2257 2038 reambulet
2308 1998 2359 2037 et
2397 1989 2460 2038 de
2510 1987 2791 2054 quantitate
2842 2001 2913 2040 ac.
2988 2051 2993 2056 ¹

710 2077 955 2144 qualitate
992 2079 1274 2148 earundem
1313 2077 1516 2140 referat,
1557 2078 1806 2143 praecipit
1812 2112 2890 2133 ................
3044 2075 3110 2126 62

588 2167 672 2234 63.
715 2169 866 2219 Anno
911 2182 1062 2235 1349.
1113 2181 1189 2233 ¹5·
1227 2166 1373 2219 iunii.
1414 2167 1706 2234 Zagrabiae.
1748 2169 1936 2217 Coram
1965 2167 2276 2218 Leustachio
2303 2167 2494 2218 vicario
2535 2167 2693 2218 totius
2719 2168 2900 2218 Slauo-

715 2257 845 2318 niae,
886 2256 1140 2306 Iohannes
1179 2256 1315 2307 filius
1354 2256 1566 2324 Georgii
1606 2257 1670 2306 de
1708 2257 1924 2323 Campo,
1966 2256 2227 2307 Thomam
2269 2256 2431 2307 filium
2476 2257 2673 2307 Petrws
2709 2273 2737 2308 a
2775 2272 2899 2306 ven-

715 2347 910 2396 ditione
948 2357 1113 2396 terrae
1154 2346 1318 2412 ipsius
1355 2346 1408 2396 in
1448 2347 1768 2412 Rakytowch
1808 2347 2091 2408 existentis,
2130 2347 2382 2412 prohibet.
2449 2381 2891 2400 .......
2940 2403 2952 2414 ‚
3047 2343 3112 2411 63

589 2435 673 2500 64.
718 2437 872 2485 Anno
917 2449 1068 2502 1349.
1117 2450 1195 2503 19.
1234 2435 1380 2487 iunii.
1427 2435 1728 2501 Capitulum
1778 2435 2026 2486 ecclesiae
2078 2434 2454 2502 Zagrabiehsis,
2507 2435 2717 2487 Nicolao
2765 2435 2901 2484 bano

720 2526 879 2576 totius
917 2525 1235 2586 Sclavoniae‚
1276 2525 1340 2576 de
1379 2525 1790 2576 reambulatione
1828 2525 2131 2591 portionum
2183 2526 2505 2591 quarundam
2545 2524 2901 2591 possessiona-

723 2616 918 2665 riarum
958 2614 1010 2664 in
1050 2614 1373 2665 Petrusouch
1414 2625 1464 2666 et
1504 2615 1824 2683 Rakytouch‚
1863 2630 1995 2680 quas
2032 2614 2317 2681 Gregorius
2354 2614 2492 2665 filius
2542 2614 2807 2679 Stephani,
2848 2629 2903 2664 ac

727 2704 930 2771 Rodyk,
967 2705 1114 2755 Leuk
1153 2715 1202 2755 et
1241 2704 1504 2772 Woynich
1543 2705 1640 2755 sibi
1679 2704 1907 2755 vicissim
1946 2704 2323 2770 relinquerunt,
2361 2704 2531 2758 refert.
2601 2740 2901 2758 .....
3054 2701 3124 2766 64

605 2795 691 2863 65.
735 2796 885 2844 Anno
932 2808 1082 2860 1350.
1121 2811 1168 2862 9.
1209 2794 1401 2860 aprilis.
1441 2794 1734 2860 Zagrabiae.
1775 2795 1965 2844 Coram
2008 2795 2167 2844 Paulo
2207 2795 2269 2844 de
2310 2796 2480 2861 Wgal,
2519 2793 2663 2860 regni
2702 2795 2911 2844 Sclavo-

724 2885 838 2935 niae
877 2895 927 2934 et
965 2884 1202 2935 Croatiae
1239 2885 1391 2946 bane,
1432 2885 1650 2951 Mykech
1690 2884 1827 2935 filius
1866 2885 2161 2946 Kelemens,
2190 2885 2395 2951 iobagio
2422 2885 2572 2935 castri
2604 2884 2909 2950 Zagrabien-

727 2975 815 3036 sis,
856 2974 1116 3039 quandam
1157 2972 1464 3039 particulam
1502 2985 1685 3036 terrae,
1738 2974 2059 3039 possessioni
2112 2989 2235 3025 suae
2288 2973 2532 3041 Hrychen
2584 2973 2909 3042 applicatam,

722 3063 949 3129 capitulo
988 3055 1321 3130 Zagrabie'nsi
1359 3063 1588 3114 remittit.
1671 3098 2904 3117 ..................
3058 3060 3124 3126 65

597 3153 682 3204 66.
724 3154 874 3202 Anno
921 3167 1071 3219 1352.
1115 3167 1196 3220 25.
1238 3153 1420 3204 martii.
1461 3153 1654 3219 Budae.
1708 3153 2004 3220 Lodovicus
2044 3153 2338 3220 Hungariae
2390 3163 2488 3203 etc.
2542 3168 2647 3214 rex,
2700 3152 2905 3218 privile-

723 3243 868 3309 gium
909 3243 1082 3293 Karoli
1123 3243 1420 3309 Hungariae
1456 3253 1552 3293 ete.
1593 3243 1746 3309 regis,
1787 3259 1832 3296 a.
1876 3258 2026 3310 1333.
2064 3259 2116 3308 4.
2157 3243 2264 3305 iuli,
2314 3259 2421 3310 quo
2463 3243 2745 3294 libertates·
2770 3243 2909 3294 ioba-

727 3333 946 3398 gionum
986 3333 1138 3383 castri
1179 3333 1538 3400 Zagrabiensis
1575 3331 1967 3397 confirmantur,
2004 3332 2235 3384 ratificat.
2321 3359 2906 3388 .........
3062 3331 3127 3398 67

603 3421 690 3488 67.
731 3424 884 3472 Α11110
930 3437 1079 3489 1352.
1129 3438 1209 3489 13.
1249 3421 1378 3476 iulii.
1435 3423 1630 3473 Budae.
1683 3423 1982 3474 Lodovicus
2035 3423 2329 3489 Hungariae
2383 3433 2480 3475 etc.
2534 3439 2638 3484 rex,
2696 3423 2917 3488 capitulo

725 3511 970 3562 ecclesiae
1009 3511 1385 3578 Zagrabiensis,
1424 3511 1489 3562 de
1517 3511 1714 3561 actibus
1743 3511 2065 3578 potentiariis
2093 3512 2353 3564 nobilibus
2379 3512 2740 3578 iobagionibus
2766 3513 2917 3562 castri

733 3602 1110 3668 Zagrabiensis,
1149 3617 1244 3668 per
1281 3602 1596 3669 Gregorium
1633 3601 1800 3652 filium
1839 3601 2087 3668 Stephani
2126 3602 2295 3663 illatis,
2332 3602 2523 3668 inquiri
2563 3603 2812 3668 praecipit
2894 3638 2907 3656 .
3061 3600 3129 3650 68

603 3691 688 3745 68.
727 3694 879 3741 Α11110
919 3705 1076 3758 1352.
1135 3690 1216 3743 28.
1273 3692 1520 3743 octobris.
1575 3691 1873 3758 Capitulum
1925 3691 2172 3743 ecclesiae
2229 3691 2607 3759 Zagrabiensis,
2655 3692 2918 3757 Stephano

733 3781 1036 3832 Sclavoniae
1076 3791 1127 3832 et
1165 3782 1403 3832 Croatiae
1441 3781 1594 3843 bano,
1635 3781 1699 3831 de
1737 3781 2061 3846 potentiariis
2113 3781 2330 3848 actibus,
2381 3782 2822 3850 per-Gregorium
2860 3779 2919 3830 fi·

734 3871 862 3922 lium
902 3871 1168 3934 Stephani,
1209 3871 1473 3922 nobilibus
1511 3871 1874 3938 tobagionibus
1914 3871 2064 3921 castri
2118 3871 2478 3938 Zagrabiensis
2528 3871 2696 3933 illatiS,
2745 3871 2915 3924 refert.
3064 3870 3132 3939 69

611 3962 697 4032 69.
739 3965 891 4014 Anno
934 3976 1088 4028 1354.
1131 3977 1214 4029 29.
1253 3961 1581 4027 septembris.
1621 3961 1916 4013 Lodovicus
1958 3961 2251 4028 Hungariae
2288 3971 2385 4011 etc.
2426 3977 2530 4031 rex,
2570 3961 2919 4012 confirmatio-

743 4053 885 4102 nales
921 4051 1094 4102 literas
1131 4067 1270 4113 suas,
1308 4067 1352 4101 a.
1406 4066 1556 4118 1342.
1595 4068 1644 4120 9.
1684 4051 1916 4101 octobris
1951 4066 2112 4117 super
2162 4051 2498 4118 possessione
2549 4051 2731 4120 Chehy
2780 4067 2917 4104 ema·

738 4151 898 4200 natas,
935 4155 1032 4206 pro
1073 4141 1229 4191 Petro
1267 4140 1485 4207 eiusque
1523 4140 1678 4191 fratre
1715 4151 1765 4190 et
1804 4139 2046 4191 fratribus
2084 4140 2423 4206 patruelibus,
2462 4142 2687 4195 roborat.
2754 4177 2769 4197 .
2825 4177 2841 4196 .
2897 4178 2912 4196 .
3066 4157 3134 4208 70

604 4248 690 4298 7ο.
730 4232 881 4281 Anno
928 4245 1077 4297 ¹354·
1119 4246 1167 4287 2,
1206 4230 1514 4282 decembris.
1542 4230 1736 4284 Budae.
1773 4229 2095 4297 Margaretha
2120 4231 2422 4284 Sclaveniae
2449 4230 2667 4292 ducissa,
2709 4231 2919 4282 Nicolao

728 4321 1000 4373 Slavoniae
1037 4333 1087 4372 et
1122 4321 1358 4372 Croatiae
1382 4322 1534 4381 bano,
1574 4336 1631 4371 ac
1661 4319 1968 4371 officialibus
1998 4335 2199 4371 necnon
2222 4323 2553 4372 collectarum
2580 4322 2920 4402 exactoribus,

737 4423 792 4462 ut
828 4411 1130 4477 iobagiones
1169 4411 1320 4462 castri
1360 4410 1718 4478 Zagrabiensis
1758 4411 1807 4459 in
1848 4425 2051 4473 eorum,
2092 4426 2184 4476 per
2221 4425 2371 4477 reges
2408 4412 2679 4462 concessis
2710 4411 2915 4462 liberta·

734 4501 872 4552 tibus
909 4510 1234 4568 conservent,
1275 4501 1540 4567 praecipit.
1607 4534 2907 4554 ...................
3062 4515 3121 4565 71

609 4607 691 4658 71.
733 4593 882 4641 Α11110
928 4605 1077 4657 1354.
1117 4606 1168 4654 4.
1208 4590 1516 4641 decembris.
1554 4590 1745 4640 Budae.
1772 4588 2092 4655 Margaretha
2118 4589 2338 4650 ducissa,
2379 4589 2705 4655 privilegium
2740 4589 2915 4638 Lodo-

735 4681 831 4732 vici
872 4681 1028 4748 regis,
1066 4695 1203 4731 anno
1235 4661 1268 4730 ⁵1
1281 4696 1307 4747 3
1319 4695 1398 4747 52.
1440 4695 1522 4746 25.
1562 4679 1731 4730 martii
1769 4689 2084 4740 emanatum,
2122 4695 2228 4745 quo
2268 4679 2529 4729 libertates
2579 4677 2913 4746 iobagionum

734 4771 885 4822 castri
924 4770 1286 4838 Zagrabiensis
1322 4769 1711 4830 confirmantur,
1750 4778 1918 4819 ratum
1959 4768 2112 4818 habet
2116 4803 2907 4822 ............
3064 4783 3127 4832 72

529 4859 536 4864 ’
611 4876 698 4928 72.
740 4863 892 4911 Anno
939 4876 1086 4928 1357·
1128 4860 1319 4910 Coram
1359 4859 1583 4925 capitulo
1622 4859 1869 4911 ecclesiae
1921 4859 2295 4925 Zagrabiensis,
2334 4859 2465 4908 inter
2505 4858 2715 4907 Petrum
2756 4855 2919 4907 filium

730 4951 976 5016 Stephani
1019 4951 1081 5002 ab
1122 4967 1238 5012 una,
1279 4939 1585 5016 parte'vero
1623 4950 1686 5000 ab
1713 4951 1870 5000 altere
1909 4949 1996 5000 Ivk
2035 4961 2084 5000 et
2124 4951 2233 4998 [vsa
2270 4947 2405 4998 filios
2444 4946 2695 5008 Dobraniff
2714 4961 2918 4996 necnon
