3917 5592
791 472 924 537 338

1947 682 2159 756 205.

979 908 1166 967 Anno
1223 904 1406 967 1455.
1457 902 1561 965 26.
1609 903 1828 965 martii.
1884 902 2258 983 Zagrabiae,

734 1120 1023 1184 'Coram
1080 1118 1141 1182 T
1136 1068 1342 1181 homo
1376 1115 1539 1200 filio
1589 1114 1798 1179 Pauli
1844 1114 1925 1178 de
1972 1114 2391 1199 Woynosecz‚
2436 1113 2682 1177 comite
2730 1111 3046 1177 terrestri
3068 1110 3330 1195 Campi

765 1224 1282 1313 Zagrahz‘enSiS,
1337 1222 1729 1307 Gregorius
1769 1220 2275 1307 Germkowych,
2323 1224 2582 1285 terram
2629 1218 2984 1297 arabilem,
3030 1218 3331 1311 quinque

1069 1332 1378 1418 florenis
1423 1329 1662 1394 Iacobo
1709 1332 1772 1395 et
1833 1328 2104 1394 Vrbano
2140 1328 2331 1414 filiis
2386 1326 2696 1413 Gyuran,
2742 1326 2995 1391 vendit.

975 1569 1110 1628 Nos
1175 1569 1454 1628 Thomas
1517 1567 1682 1627 filius
1715 1566 1919 1643 ‚Pauli
1979 1565 2086 1625 filii
2151 1566 2419 1625 condam
2482 1562 2773 1644 Gregorii
2835 1562 2941 1623 filii
2985 1563 3195 1639 Woyn
3251 1562 3330 1621 de

767 1678 1164 1752 VVoynosecz
1211 1694 1423 1734 comes
1485 1673 1795 1733 terrestris
1858 1671 2086 1749 Campi
2147 1670 2593 1751 Zagrabiensis
2654 1668 2953 1729 memorie
3016 1684 3329 1741 commen-

768 1785 992 1843 damus
1038 1801 1153 1861 per
1196 1788 1539 1860 presentes',
1587 1781 1753 1857 quod
1788 1778 2136 1859 Gregorius
2183 1778 2345 1838 filius
2378 1778 2647 1837 condam
2677 1776 2845 1836 Petri
2878 1775 3024 1836 dicti
3057 1774 3331 1835 Germek

767 1892 845 1951 de
895 1890 1175 1963 Kochan,
1223 1889 1284 1948 in
1333 1907 1451 1947 sua
1497 1896 1560 1948 et
1605 1886 1868 1947 Fabiani
1916 1906 1993 1945 ac
2040 1884 2301 1963 Georgii
2349 1893 2411 1944 et
2458 1883 2693 1943 Vrbani
2747 1884 3013 1944 filiorum
3076 1900 3333 1942 suorum

767 1997 1094 2076 personis;‚
1133 1996 1280 2056 item
1329 1995 1391 2055 in
1453 1994 1737 2073 personis
1799 1992 2068 2071 Philippi
2133 2001 2194 2052 et
2241 1991 2524 2069 Dyonisii
2587 2011 2675 2054 ac,
2708 1990 3005 2051 Anthonii
3064 1990 3332 2050 filiorum

768 2105 1036 2167 condam
1081 2102 1261 2163 Pauli
1307 2101 1512 2162 fratris
1561 2100 1656 2161 sui
1685 2100 1959 2161 'iunioris
2007 2100 2231 2161 uterini
2278 2108 2341 2159 et
2388 2098 2672 2173 carnaIiS,
2718 2098 2827 2158 filii
2852 2117 3003 2157 vero
3050 2097 3328 2159 similiter

770 2211 995 2293 prefati
1040 2210 1209 2271 Petri
1256 2210 1548 2284 Germek,
1605 2228 1798 2269 onera
1845 2217 1908 2269 et
1954 2207 2327 2288 gravamina
2390 2215 2519 2267 tam
2580 2198 2999 2285 predictorum
3060 2206 3328 2267 filiorum

767 2338 1024 2379 suorum
1070 2336 1258 2396 quam
1305 2316 1691 2395 prefatorum
1734 2314 2004 2375 filiorum
2050 2313 2311 2392 predicti
2357 2313 2536 2374 Pauli
2566 2312 2774 2373 fratris
2808 2312 2904 2373 sui
2935 2313 2998 2372 in
3028 2332 3096 2373 se
3128 2312 3335 2391 ipsum

769 2435 991 2511 sponte
1012 2444 1126 2503 per
1150 2424 1359 2484 omnia
1393 2423 1855 2497 assummendO,
1891 2422 1973 2481 ad
2003 2430 2281 2481 nostram
2307 2420 2565 2481 veniens
2594 2420 2988 2500 presenciam
3011 2420 3336 2481 confessus

773 2540 870 2595 est
899 2532 961 2592 in
994 2533 1160 2591 hunc
1192 2530 1464 2601 modum,
1497 2538 1565 2589 ut
1595 2529 1732 2608 ipse
1765 2530 2085 2607 quandam
2117 2537 2347 2589 terram
2382 2548 2562 2588 suam
2591 2528 2891 2588 arabilem
2922 2535 3337 2607 campestrem

771 2642 833 2701 in
894 2640 1060 2700 dicta
1121 2639 1403 2713 Kochan,
1465 2636 1626 2697 inter
1687 2647 1919 2697 terram
1965 2637 2218 2696 Andree
2266 2635 2654 2713 Chunchych
2716 2636 2879 2710 dicti,
2948 2637 3025 2696 ab
3074 2635 3330 2709 oriente,

773 2756 836 2809 et
880 2748 1039 2807 inter
1085 2754 1315 2806 terram
1363 2746 1533 2805 Petri
1563 2744 1670 2805 filii
1704 2746 1972 2805 condam
2001 2744 2262 2821 Mathye
2294 2743 2401 2803 filii
2434 2743 2733 2803 Anthonii
2768 2744 2845 2803 de
2880 2744 3045 2803 dicta
3068 2743 3332 2803 Kochan

775 2856 853 2916 ab
902 2854 1244 2927 occidente,
1294 2872 1368 2913 ac
1399 2853 1558 2913 inter
1605 2861 1835 2912 terram
1883 2851 2094 2911 Iacobi
2126 2859 2189 2911 et
2218 2850 2456 2911 Vrbani
2483 2850 2752 2911 filiorum
2777 2852 3045 2911 condam
3078 2849 3340 2930 Georgii

772 2962 918 3023 dicti
965 2962 1226 3038 Gyuran
1273 2961 1351 3021 de
1401 2961 1624 3019 eadem
1671 2959 1936 3020 Kochan
1986 2977 2025 3018 a
2071 2958 2531 3037 septemtrione,
2596 2977 2841 3018 necnon
2903 2958 3063 3018 inter
3109 2964 3340 3018 terram

772 3067 1039 3129 filiorum
1086 3086 1197 3127 seu
1246 3068 1550 3127 heredum
1597 3066 1865 3126 condam
1925 3064 2220 3125 Iohannis
2287 3065 2393 3124 fflii
2439 3066 2692 3142 Endrey
2758 3085 2795 3125 a
2842 3064 3182 3125 meridione
3229 3066 3337 3124 ha-

773 3175 968 3235 bitam
1016 3182 1080 3234 et
1126 3174 1513 3248 existentem,
1562 3194 1754 3233 unam
1801 3172 2255 3233 dimensionem
2304 3192 2604 3252 magnam
2636 3174 2805 3253 wlgo
2837 3180 3073 3233 wreten
3111 3172 3341 3232 dictam

775 3282 838 3342 in
887 3301 956 3341 se
1005 3281 1441 3357 continentem,
1489 3282 1694 3359 ipsum
1749 3280 1985 3340 scilicet
2031 3280 2409 3360 Gregorium
2475 3280 2939 3357 Germkowych
3001 3280 3252 3353 dictum,
3301 3298 3340 3339 a

774 3392 1053 3473 predicto
1101 3393 1369 3452 condam
1415 3393 1603 3451 Petro
1652 3390 1897 3450 Gemek
1944 3390 2127 3463 dicto,
2174 3397 2352 3467 patre
2402 3408 2516 3448 suo
2581 3389 2715 3449 iure
2779 3388 3115 3449 nobilitatis
3158 3389 3339 3449 here-

775 3499 1013 3573 ditario,
1062 3499 1176 3559 rite
1239 3507 1302 3559 et
1363 3498 1664 3578 legittime
1729 3506 2228 3572 concernentem,
2302 3496 2481 3556 simul
2535 3516 2676 3556 cum
2724 3495 3010 3555 omnibus
3059 3495 3340 3555 eiusdem

776 3616 940 3667 terre
989 3626 1100 3667 sue
1151 3606 1401 3666 arabilis
1449 3606 1683 3681 usibuS,
1731 3605 1985 3679 iuribuS,
2032 3604 2454 3682 proventibuS,
2519 3602 2917 3678 utilitatibus,
2945 3602 3338 3663 fructuosita-

777 3714 940 3773 tibus
988 3721 1051 3775 et
1095 3712 1493 3791 pertinenciis
1541 3712 1867 3787 universiS,
1917 3711 2173 3790 prefatis
2220 3712 2448 3771 Iacobo
2482 3720 2545 3771 et
2572 3711 2827 3771 Vrbano
2860 3710 2998 3770 filiis
3027 3707 3337 3789 prenotati

774 3822 1042 3882 condam
1089 3821 1366 3899 Gyuran,
1414 3828 1738 3899 tamquam
1782 3819 2001 3879 vicinis
2050 3819 2195 3894 suis,
2246 3838 2320 3879 ac
2354 3838 2467 3897 per
2500 3838 2611 3879 eos
2657 3818 2935 3896 ipsorum
2980 3817 3335 3890 heredibuS,

779 3949 892 4008 pro
940 3927 1215 4009 quinque
1260 3928 1514 3988 florenis
1563 3928 1698 3987 auri
1743 3945 1856 4006 per
1903 3927 2172 3986 eundem
2221 3926 2601 4007 Gregoriu'm
2642 3920 3107 4003 Germkowych
3135 3944 3174 3984 a
3202 3924 3343 4003 pre-

781 4036 924 4097 fatis
971 4036 1200 4096 Iacobo
1233 4042 1297 4094 et
1327 4035 1582 4095 Vrbano
1615 4034 1740 4094 iam
1771 4034 1955 4114 plene
1987 4034 2213 4094 habitis
2248 4041 2311 4093 et
2337 4033 2647 4113 perceptis
2680 4032 3083 4107 vendidisset,
3129 4050 3343 4110 ymmo

781 4164 858 4205 ex
907 4162 1216 4203 consensu
1263 4143 1684 4222 predictorum
1730 4144 1994 4203 aliorum
2042 4142 2383 4203 vicinorum
2446 4150 2509 4202 et
2571 4150 3145 4203 commetaneorum
3192 4159 3339 4200 ven·

782 4251 934 4312 didit
981 4270 1194 4319 coram
1241 4251 1419 4311 nobis
1465 4250 1598 4312 iure
1646 4258 1948 4330 perpetuo
1994 4259 2055 4310 et
2102 4250 2589 4313 irrevocabiliter
2628 4250 3075 4328 possidendam
3122 4256 3187 4309 et
3228 4249 3355 4309 ha·-

780 4360 1070 4434 bendam‚
1119 4377 1195 4419 ac
1243 4357 1413 4418 iuxta
1462 4358 1640 4439 regni
1687 4358 2201 4418 consvetudinem
2257 4358 2820 4435 quomodocunque
2867 4355 3178 4416 voluerint
3223 4356 3351 4415 dis-³

783 4467 1203 4546 sponendam3
1276 4466 1615 4545 assumpsit
1683 4466 1937 4544 insuper
2002 4465 2282 4544 prefatus
2352 4464 2696 4544 Gregorius
2760 4463 3223 4541 Germkowych
3282 4462 3347 4522 in

779 4573 1063 4655 personis
1112 4592 1378 4653 quorum
1425 4592 1636 4653 supra,
1684 4573 1977 4633 oneribus
2027 4581 2091 4632 et
2135 4571 2606 4652 gravaminibus
2656 4590 2874 4631 eorum
2905 4571 2967 4629 in
3000 4590 3068 4630 se
3116 4569 3341 4649 ipsum,

781 4690 848 4743 ut
894 4682 1232 4761 predicitur
1276 4702 1390 4760 per
1436 4681 1646 4741 omnia
1693 4680 2047 4758 assumptis,
2094 4680 2407 4759 predictos
2455 4679 2752 4739 Iacobum
2799 4688 2861 4739 et
2907 4678 3230 4738 Vrbanum
3265 4697 3340 4738 ac

781 4810 893 4869 per
940 4809 1048 4849 eos
1097 4790 1372 4867 ipsorum
1417 4790 1682 4848 heredes
1731 4788 1791 4848 in
1841 4787 2114 4847 dominio
2182 4787 2343 4847 dicte
2394 4795 2554 4846 terre
2604 4786 2873 4860 arabiliS,
2926 4805 3038 4864 per
3085 4786 3342 4845 eosdem

785 4897 1081 4958 Iacobum
1129 4906 1190 4957 et
1240 4897 1562 4956 Vrbanum
1611 4896 1690 4955 ab
1725 4896 1949 4956 eodem
1983 4894 2291 4975 Gregorio
2326 4894 2792 4971 Germkowych
2823 4894 3011 4953 modo
3042 4891 3348 4971 premisso

793 5013 1171 5097 comparate,
1220 5012 1438 5065 contra
1485 5004 1794 5095 quoslibet
1838 5002 2241 5092 impeditores
2305 5010 2366 5062 et
2410 5002 2877 5091 perturbatores
2936 5021 3010 5063 ac
3056 5001 3345 5071 molesta-
