3917 5592
769 474 896 545 152

1951 685 2155 764 102.

971 894 1156 954 Anno
1213 892 1398 954 1402.
1457 893 1505 955 1.
1556 895 1718 956 maii.
1767 893 2139 974 Zagrabiae.

979 1090 1216 1151 Coram
1261 1090 1563 1173 magistro
1621 1091 1897 1152 Iohanne
1944 1090 2071 1151 filio
2128 1089 2431 1170 Stephani
2478 1098 2541 1151 et
2586 1090 2773 1151 Petro
2833 1089 3093 1167 literat0,
3165 1086 3327 1153 vice·

761 1198 942 1258 banis
991 1207 1053 1258 et
1100 1198 1427 1259 comitibus
1473 1197 2007 1279 Zagrabiensibus
2058 1217 2131 1258 ac
2177 1197 2487 1258 iudicibus
2552 1198 2850 1257 nobilium
2900 1199 3180 1259 eiusdem
3228 1217 3328 1259 co-

764 1306 1034 1382 mitatuS,
1082 1306 1493 1369 communitas
1542 1306 1808 1366 civitatis
1855 1306 2091 1366 Montis
2152 1305 2534 1366 Grechensis
2583 1306 2662 1366 de
2708 1307 3041 1386 Zagrabia‚
3091 1307 3331 1388 regiam

765 1414 1156 1475 maiestatem
1206 1434 1244 1475 a
1290 1414 1626 1477 donatione
1690 1433 1765 1474 ac
1831 1414 2204 1494 magistrum
2250 1413 2581 1473 Nicolaum
2643 1414 2837 1473 filium
2884 1414 3127 1474 Nicolai
3187 1414 3333 1475 dicti

765 1523 1015 1582 Thouth
1063 1524 1142 1583 de
1188 1523 1602 1597 Zumzeduar,
1667 1522 2026 1582 Ladislaum
2075 1522 2267 1581 filium
2294 1522 2597 1587 ,eiusdem
2654 1541 2900 1581 necnon
2945 1522 3333 1601 Stephanum

767 1632 853 1706 (in
898 1630 1057 1691 facie
1107 1634 1444 1709 repertum)
1495 1638 1558 1690 et
1603 1631 1944 1690 Iohannem
2006 1630 2167 1691 filios
2215 1631 2533 1708 quondam
2588 1630 2907 1690 Laurentii
2954 1630 3206 1690 Thouth
3253 1631 3331 1691 de

767 1738 1008 1813 eadem,
1063 1738 1141 1797 ab
1209 1738 1484 1798 indebita
1534 1738 1960 1815 occupatione,
2033 1738 2389 1797 detentione
2438 1744 2501 1796 et
2546 1737 3020 1815 perpetuatione
3086 1728 3333 1816 posses-

767 1846 1010 1905 sionum
1081 1846 1359 1923 ipsorum
1406 1845 1666 1905 civium:
1743 1847 2119 1921 Petrouyna,
2192 1845 2480 1904 Hrascha
2528 1852 2591 1903 et
2634 1844 3084 1922 Sylyakouyna
3144 1863 3332 1905 voca-

768 1960 990 2027 tarum,
1057 1970 1216 2031 quas
1263 1952 1389 2012 iarn
1457 1972 1571 2031 pro
1619 1972 1688 2012 se
1736 1959 2117 2031 ocupassent
2164 1960 2227 2012 et
2273 1951 2595 2030 occupatis
2662 1959 2982 2012 uterentur
3029 1953 3107 2012 de
3152 1970 3332 2030 prae-

770 2044 962 2134 senti,'
996 2058 1299 2137 prohibet.
2309 2068 2313 2073 ’
2498 2034 2501 2039 ¹

980 2198 1222 2254 Ioannes
1260 2199 1502 2269 nalem,
1545 2200 1692 2254 Mon.
1731 2200 1860 2255 hist.
1900 2200 2051 2256 civit.
2092 2198 2397 2268 Zagrabiae
2437 2199 2473 2253 1.
2512 2216 2565 2268 p.
2606 2198 2657 2252 6.
2699 2226 2763 2239 -
2804 2196 3089 2266 Originale
3116 2198 3336 2250 charta·

769 2304 947 2343 ceum.
988 2290 1035 2343 A
1075 2293 1228 2357 tergo
1268 2288 1375 2344 tria
1413 2290 1597 2358 sigilla
1633 2306 1920 2359 appressa.
1960 2290 2021 2343 In
2059 2290 2294 2344 archivo
2334 2289 2483 2343 civit.
2524 2287 2850 2357 Zagrabiae.

1962 2595 2001 2662 1
2020 2589 2165 2663 03.

985 2790 1172 2853 Anno
1229 2788 1411 2853 1402.
1461 2789 1565 2854 26.
1613 2792 1778 2854 iunii.
1826 2790 2200 2874 Zagrabiae.

781 2986 1032 3051 Coram
1079 2985 1302 3050 Paulo
1335 2982 1498 3069 filio
1560 2984 1837 3064 Vrbani,
1887 2988 2135 3052 comite
2180 2986 2499 3051 terrestri
2526 2986 2775 3070 Campi
2822 2982 3341 3070 Zagrabiensis‚

782 3091 1160 3171 Churnech,
1231 3091 1490 3158 nobilis
1537 3092 1814 3179 iobagio
1861 3095 2083 3160 castri
2127 3092 2209 3159 de
2256 3094 2413 3181 Sup.
2468 3092 2901 3179 Lompnicha
2962 3112 3121 3157 cum
3156 3090 3347 3175 filiis

779 3201 952 3275 suis,
999 3220 1265 3265 necnon
1315 3200 1477 3265 Iure
1511 3200 1723 3285 filius
1761 3200 2062 3286 Voylech,
2110 3203 2439 3286 quintam
2478 3205 2753 3286 partem
2784 3199 3155 3265 cuiusdam
3202 3197 3347 3263 liti·

775 3309 1018 3392 giosae
1077 3309 1542 3392 possessionis
1588 3310 1668 3373 in
1714 3309 1950 3374 eadem
1997 3308 2161 3394 Sup.
2208 3308 2672 3394 Lompnyclia,
2721 3308 2944 3383 Petr0,
3015 3306 3239 3371 Paulo
3284 3308 3349 3369 et

783 3414 1087 3481 Iohanni
1120 3414 1311 3500 filiis
1338 3415 1622 3481 Nicolai
1648 3416 1730 3481 de
1760 3417 1950 3482 dicta
1996 3416 2160 3503 Sup.
2192 3416 2654 3502 Lompnycha,
2702 3415 2969 3481 iudicio
2998 3412 3348 3479 arbitrum

1761 3535 1784 3549 ⁰
1870 3525 2255 3591 dimittunt.

965 3721 1134 3781 'Nos
1181 3722 1412 3783 Paulus
1452 3723 1615 3784 filius
1663 3723 1898 3784 Vrbani
1932 3743 2145 3785 comes
2192 3723 2501 3785 terrestris
2532 3724 2610 3784 de
2642 3722 2890 3801 Campo
2937 3720 3351 3802 Zagrabiensi

787 3829 1088 3889 memorie
1135 3831 1645 3891 commendantes
1675 3840 1891 3892 tenore
1939 3832 2335 3911 presencium
2368 3831 2797 3913 significamus
2844 3830 3069 3909 quibus
3103 3828 3355 3908 expedit

789 3937 1114 4012 universiS,
1161 3938 1330 4016 quod
1377 3936 1712 3999 Churnech
1758 3939 1920 3999 filius
1968 3940 2155 4000 Iuech
2202 3940 2309 4000 filii
2341 3940 2545 4014 Belos,
2593 3938 2815 3999 nobilis
2862 3936 3116 4017 iobagio
3166 3934 3353 3996 castri

791 4044 870 4103 de
916 4042 1235 4121 Superiori
1279 4045 1686 4123 Lompnycha
1735 4065 1809 4105 ac
1841 4046 2155 4122 Clemen3‚
2195 4047 2543 4128 Gregorius
2591 4053 2655 4107 et
2698 4046 3007 4107 Iohannes
3054 4043 3162 4103 filii
3208 4042 3355 4103 dicti

793 4149 1147 4226 Churnech,
1215 4150 1280 4211 in
1337 4152 1614 4230 ipsorum
1677 4172 1752 4213 ac
1795 4154 1934 4214 Iure
2005 4154 2111 4215 filii
2158 4156 2437 4232 Voylech
2507 4154 2615 4215 filii
2677 4152 2824 4214 dicti
2893 4152 3080 4212 Belos
3149 4150 3355 4211 fratris

795 4277 1011 4319 eorum
1059 4258 1413 4319 consobrini
1459 4260 1538 4320 de
1585 4261 1809 4321 eadem
1855 4262 2159 4340 personiS,
2222 4263 2397 4323 cuius
2446 4281 2631 4323 omne
2678 4280 2836 4321 onus
2884 4267 2948 4320 et
2992 4278 3356 4341 gravamen,

795 4368 849 4429 si
893 4367 1061 4427 idem
1107 4367 1169 4426 in
1215 4367 1623 4447 infrascriptis
1669 4370 2005 4447 persistere
2038 4371 2246 4445 nollet,
2294 4372 2357 4431 in
2404 4390 2472 4431 se
2520 4370 2691 4449 ipsos
2742 4368 3229 4447 assumpmendo
3278 4367 3357 4427 ab

794 4494 937 4549 una,
985 4484 1162 4553 parte
1209 4494 1361 4535 vero
1409 4494 1484 4535 ex
1534 4477 1728 4537 altera
1775 4478 2016 4552 Petrus,
2064 4478 2297 4538 Paulus
2346 4486 2410 4539 et
2453 4479 2763 4539 Iohannes
2809 4476 2916 4537 fflii
2963 4474 3207 4536 Nicolai
3250 4473 3359 4534 filii

796 4582 975 4642 Benk
1021 4581 1299 4642 similiter
1345 4583 1584 4644 nobiles
1635 4584 1822 4644 castri
1869 4585 1947 4645 de
1995 4584 2240 4664 prefata
2284 4584 2603 4665 Superiori
2648 4583 3075 4663 Lompnycha‚
3148 4600 3359 4643 coram

799 4689 977 4749 nobis
1025 4690 1435 4767 personaliter
1481 4700 1932 4770 comparenteS,
1967 4693 2325 4754 confessum
2372 4694 2571 4754 extitit
2614 4712 2728 4772 per
2773 4692 2943 4771 ipsas
2990 4698 3204 4770 partes
3251 4708 3359 4767 pa·

800 4797 947 4858 riter
994 4805 1056 4857 et
1103 4798 1366 4857 relatum
1421 4798 1486 4859 in
1548 4800 1712 4859 hunc
1758 4800 2032 4875 modum,
2102 4802 2271 4880 quod
2318 4800 2463 4861 licet
2522 4798 2853 4861 memorati
2900 4797 3239 4859 Churnech
3302 4802 3365 4856 et

801 4904 947 4966 dicti
1015 4906 1122 4965 filii
1169 4907 1280 4981 sui,
1330 4926 1547 4967 eorum
1615 4916 1679 4968 et
1723 4908 2075 4969 nominibus
2146 4910 2371 4989 quibus
2419 4930 2626 4989 supra,
2680 4916 3021 4969 annotatos
3088 4906 3365 4977 Petrum,

803 5015 1066 5073 Paulum
1115 5023 1176 5074 et
1221 5016 1561 5075 Iohannem
1623 5014 1781 5076 filios
1829 5016 2071 5077 Nicolai
2132 5019 2238 5078 filii
2287 5019 2465 5079 Benk
2512 5018 2574 5078 in
2618 5017 2785 5077 facto
2846 5012 3362 5094 possessionariO,
