3917 5592
832 449 961 511 398

1038 661 1216 732 Copia
1250 661 1492 732 simplex
1529 662 1740 718 saeculi
1767 663 1904 717 XVI.
1943 664 2259 720 chartacea.
2297 665 2358 718 In
2382 663 2617 719 archivo
2636 663 2792 734 regni
2818 664 3154 734 Hungariae,
3194 665 3384 720 Buda-

825 752 1058 822 postini:
1100 751 1166 806 Μ.
1209 751 1271 808 Ο.
1311 752 1374 807 D.
1419 753 1471 807 1..
1511 751 1739 822 83808„
1781 753 1914 807 olim
1957 752 2023 806 N.
2059 753 2124 806 R.
2164 753 2226 807 A.
2267 753 2399 807 fasc.
2442 753 2593 807 1125.
2635 753 2738 809 No.
2780 755 2861 808 12.
2904 785 2966 793 —
3018 756 3181 809 Extat
3217 756 3389 810 etiam

829 846 918 898 sat
957 859 1255 898 erroneum
1296 841 1380 912 (ut
1417 842 1815 898 annotationes
1854 843 2163 908 declarant)
2204 846 2619 912 transumptum
2657 844 2804 913 regis
2848 844 3119 900 Ludovici
3158 861 3208 900 a.
3249 844 3391 899 1590

827 931 911 986 11.
952 932 1110 994 iunii,
1151 931 1297 1002 quod
1339 932 1540 986 iterum
1582 931 1949 1001 transumpsit
1986 931 2137 987 idem
2174 929 2275 987 'rex
2313 948 2363 988 a.
2410 931 2563 987 1524.
2598 931 2651 988 4.
2691 934 3020 990 decembris
3058 935 3121 989 In
3153 935 3388 990 archivo

823 1037 1108 1077 commun.
1144 1022 1277 1076 nob.
1317 1022 1388 1076 de
1425 1020 1750 1091 TuropoIJe.

1043 1183 1058 1213 ¹
1095 1181 1163 1237 In
1201 1185 1554 1253 transumpto
1595 1182 1866 1238 Ludovici
1903 1183 2050 1254 regis
2088 1183 2183 1239 hic
2216 1184 2491 1240 terminus
2532 1186 2707 1242 deest.
2770 1187 2790 1216 ³
2828 1185 3070 1241 ibidem:
3107 1186 3386 1257 Irinxycz,

823 1272 842 1301 ³
879 1271 1116 1330 ibibem:
1157 1273 1335 1327 iaceu.
1398 1272 1418 1302 ⁴
1456 1272 1626 1327 ibid.:
1664 1272 2039 1343 Lompnyeza.
2082 1276 2101 1303 ⁵
2137 1274 2298 1328 ibid.:
2336 1275 2513 1330 Book.
2556 1276 2576 1304 ⁸
2613 1275 2711 1338 sic,
2739 1275 2797 1330 in
2826 1275 3046 1345 utrique
3073 1275 3385 1346 exemplari

824 1359 1168 1430 (quoddam).
1223 1362 1242 1390 ‘⁸
1279 1362 1338 1415 in
1376 1362 1665 1431 praedicto
1713 1365 2099 1432 transumpto:
2161 1363 2603 1418 racionabilibus
2652 1365 2723 1418 de
2774 1364 2977 1420 causis.
3030 1366 3051 1395 ⁸
3088 1365 3251 1420 ibid.:
3290 1365 3389 1420 eli-

819 1450 1078 1520 gendum.
1119 1451 1322 1506 ’ibid.:
1361 1456 1813 1522 perseverantur.
1859 1451 1904 1483 ¹⁰
1925 1452 2086 1508 ibid.:
2126 1457 2391 1509 curasset.
2437 1454 2659 1509 ¹¹ibid.:
2698 1456 2835 1509 ulra.
2882 1454 3083 1509 '’ibid:
3109 1457 3386 1510 auctores.

827 1539 867 1568 ¹³
905 1539 1069 1594 ibid.:
1107 1556 1427 1608 aggravare.
1477 1540 1519 1572 ¹⁴
1545 1541 1706 1596 ibid.:
1745 1541 2016 1597 virorum.
2065 1542 2106 1573 ¹⁸
2129 1542 2292 1598 ibid.:
2330 1543 2732 1600 Zenthlelewk.
2780 1545 2821 1574 ‘⁸
2844 1543 3007 1598 ibid.:
3047 1543 3386 1599 Fedelewcz.

1993 1843 2207 1915 328.

1034 2063 1220 2124 Anno
1276 2061 1460 2124 1461.
1509 2061 1568 2124 3.
1613 2063 1927 2125 februarii.

722 2305 732 2318 ·
825 2273 1232 2362 Capitulum
1261 2275 1583 2340 ecclesiae
1613 2271 2111 2362 Zagrabiensis
2142 2274 2449 2342 Fabiano
2472 2276 2832 2355 sacerdoti,
2853 2275 3015 2361 filio
3046 2277 3385 2362 Dyonisii

818 2381 1099 2469 Myxyth
1169 2382 1250 2447 de
1319 2382 1456 2468 Ins.
1523 2383 1921 2462 Lukawecz,
1986 2383 2232 2449 literas
2290 2389 2505 2469 super
2561 2385 3018 2449 ammissione
3081 2385 3384 2450 actionis

1049 2490 1333 2556 Nicolai
1367 2490 1522 2576 filii
1565 2490 1865 2557 Fabiani
1909 2490 1993 2556 de
2040 2495 2270 2576 Super.
2322 2490 2780 2577 Lompnycza‚
2827 2491 3151 2557 concedit.

1034 2709 1168 2769 Nos
1216 2709 1555 2787 capitulum
1602 2707 1866 2770 ecclesie
1913 2707 2361 2790 Zagrabiensis
2392 2709 2690 2771 memorie
2723 2709 3237 2770 commendamus
3271 2729 3385 2788 per

817 2824 1160 2896 presente3‚
1207 2817 1375 2896 quod
1423 2816 1728 2877 discretus
1775 2817 1869 2876 vir
1916 2817 2205 2879 dominus
2252 2817 2568 2878 Fabianus
2615 2816 2939 2897 presbiter,
3003 2817 3163 2877 filius
3211 2818 3381 2894 Dyo-

820 2925 960 2985 nisii
1008 2925 1249 3002 Mixyth
1297 2924 1444 2984 dicti
1491 2925 1568 2984 de
1617 2924 1889 2985 inferiori
1950 2926 2324 3001 Lukawecz,
2387 2924 2450 2985 in
2512 2944 2629 2985 sua
2692 2945 2811 2986 nec
2857 2945 2983 2985 non
3040 2925 3381 3000 Benedicti,

820 3036 1047 3110 Iacobi,
1095 3033 1438 3095 Clementis
1487 3041 1550 3093 et
1595 3031 1763 3093 Petri
1808 3032 2070 3093 fratrum
2120 3052 2375 3093 suorum
2422 3033 2725 3112 personis,
2770 3041 3052 3094 nostram
3084 3052 3381 3112 persona-

823 3143 960 3204 liter
1005 3142 1315 3203 veniendo
1360 3141 1424 3201 in
1473 3140 1881 3220 presenciam,
1929 3158 2043 3218 per
2090 3140 2346 3200 modum
2406 3139 2883 3218 protestacionis
2944 3139 3123 3200 nobis
3186 3140 3383 3220 signi-

819 3252 1009 3310 ficare
1059 3249 1301 3310 curavit
1345 3249 1408 3308 in
1453 3249 1620 3308 hunc
1665 3248 1938 3324 modum,
1986 3247 2157 3326 quod
2208 3247 2353 3307 licet
2415 3248 2685 3326 quedam
2748 3266 2943 3308 causa
3004 3247 3164 3308 inter
3210 3247 3380 3326 ipsos

819 3365 887 3418 ut
949 3365 1194 3417 actores
1258 3356 1336 3416 ab
1398 3376 1542 3429 una,
1605 3363 1669 3416 et
1729 3355 1889 3415 inter
1949 3354 2279 3415 Nicolaum
2346 3354 2541 3414 filium
2600 3353 2865 3415 Fabiani
2926 3355 3005 3414 de
3062 3355 3381 3433 Superiori

818 3469 1181 3543 Lomnycza
1227 3473 1290 3525 et
1336 3465 1490 3525 alios
1537 3464 1760 3524 iratres
1791 3482 1939 3523 suos
1987 3471 2055 3522 ut
2100 3463 2165 3522 in
2202 3481 2461 3523 causam
2511 3470 2809 3524 attractos
2840 3471 3018 3541 parte
3052 3482 3129 3523 ex
3162 3463 3374 3538 altera,

818 3575 1069 3636 racione
1119 3582 1181 3634 et
1234 3581 1519 3652 pretextu
1566 3572 1958 3652 quarundam
2005 3570 2371 3650 porcionum
2418 3570 3055 3651 possessionariarum
3102 3571 3165 3631 in
3213 3571 3381 3632 dicta

819 3683 1175 3743 Lukawecz
1227 3700 1425 3759 usque
1488 3680 1747 3739 fluvium
1807 3679 2262 3757 Rakythoycha
2309 3687 2619 3754 vocatum,
2685 3699 2723 3740 a
2766 3687 2945 3759 parte
2994 3679 3379 3754 occidentali,

817 3809 1060 3850 necnon
1123 3789 1516 3868 quarundam
1582 3795 1890 3848 terrarum
1953 3787 2278 3848 arabilium
2344 3788 2522 3847 Book
2592 3795 2977 3861 vocatarum,
3040 3788 3100 3847 in
3176 3787 3378 3848 littore

816 3897 990 3957 fluvii
1037 3898 1396 3974 Lomnycza
1428 3895 1635 3955 vocati
1669 3914 1708 3955 a
1737 3903 1915 3973 parte
1965 3895 2469 3974 septemtrionali,
2516 3895 2917 3974 {miliumque
2952 3915 3151 3975 usque
3182 3914 3375 3974 quen-

816 3999 991 4064 dam¹
1040 4004 1272 4064 vadum
1327 4003 1762 4079 Kralyschyno
1823 4002 2197 4079 brodischye
2244 4009 2557 4078 vocatum,
2629 4002 3035 4063 existencium
3084 4011 3147 4062 et
3206 4003 3380 4062 habi-

815 4120 1037 4184 torum,
1085 4119 1336 4171 vertens
1386 4117 1444 4170 et
1491 4109 1721 4183 habita,
1784 4128 2000 4169 coram
2048 4109 2234 4170 certis
2296 4108 2506 4188 probis
2577 4117 2639 4169 et
2683 4109 2991 4169 nobilibus
3040 4110 3205 4184 viriS,
3253 4118 3381 4169 tam

820 4219 1205 4280 secularibus
1276 4238 1464 4298 quarn
1534 4218 1990 4292 ecclesiasticiS,
2070 4217 2315 4278 arbitris
2384 4225 2606 4298 utputa
2675 4218 3001 4277 ambarum
3078 4217 3376 4296 parcium,

822 4335 1033 4407 partes
1077 4347 1190 4406 per
1223 4327 1480 4387 easdem
1512 4327 1592 4386 ad
1625 4325 1688 4385 id
1718 4325 1930 4385 electis
1966 4333 2027 4385 et
2058 4314 2389 4404 deputatiS,
2419 4325 2535 4386 sub
2565 4325 3047 4405 obligaminibus
3080 4325 3381 4404 quinqua-

819 4435 997 4515 ginta
1043 4454 1413 4508 marcarum,
1461 4433 1825 4494 racionabili
1889 4453 1965 4492 ex
2030 4452 2224 4492 causa
2273 4433 2355 4493 ad
2415 4441 2675 4492 octavas
2721 4433 3214 4510 Epiphaniamm
3271 4433 3379 4492 do-

815 4541 982 4614 mini,
1031 4562 1144 4620 pro
1192 4541 1362 4602 finali
1410 4541 1690 4602 eiusdem
1740 4561 1930 4602 cause
1995 4540 2541 4614 determinacione,
2608 4559 2721 4619 per
2784 4539 3049 4600 arbitros
3096 4539 3373 4617 ipsorum

824 4650 1102 4730 parcium
1165 4649 1386 4710 {uisset
1445 4656 1802 4729 prorogata,
1863 4656 2076 4709 tamen
2124 4647 2257 4726 ipse
2306 4647 2604 4708 Nicolaus
2649 4648 2813 4708 filius
2866 4645 3127 4707 Fabiani
3172 4655 3235 4706 et
3284 4647 3384 4707 alii

823 4757 1050 4818 fratres
1098 4757 1212 4832 sui,
1260 4756 1395 4836 ipso
1443 4756 1704 4832 domino·
1762 4756 2041 4816 Fabiano
2103 4754 2466 4834 presbiterO,
2528 4774 2643 4814 suo
2692 4763 2755 4815 et
2801 4753 3061 4814 aliorum
3121 4752 3379 4826 fratrum

817 4885 1074 4927 suorum
1120 4863 1604 4945 prescriptorum
1651 4863 2004 4924 nominibus
2054 4871 2116 4924 et
2162 4863 2223 4923 in
2255 4861 2558 4942 personiS,
2604 4861 2844 4923 octavis
2872 4861 2937 4921 in
2969 4861 3208 4922 eisdem
3236 4879 3374 4939 per·

820 4981 1169 5047 severante,
1219 4974 1300 5032 ad
1341 4971 1762 5051 recipiendam
1811 4982 1873 5033 et
1917 4971 2275 5033 habendam
2323 4970 2513 5050 ipsius
2550 4989 2741 5031 cause
2774 4967 3385 5051 determinacionem,
