3917 5592
2984 452 3104 514 441

561 669 902 752 quamlibet
923 716 928 721 -
948 671 1154 733 aliam-
1181 665 1532 751 personam,
1554 714 1559 717 -
1582 690 1695 750 per
1721 663 1854 731 ieos'
1898 682 1975 731 ac
2020 688 2237 730 eorum
2286 658 2479 729 altero
2510 669 2692 729 simul
2740 670 2843 729 vel
2874 660 3119 729 divisim

556 781 618 841 in
665 780 892 841 iudicio
938 780 1241 861 legittime
1287 787 1741 858 comparentes,
1807 778 1954 859 agit,
2002 777 2417 857 conqueritur,
2482 776 2631 838 dicit
2678 784 2741 837 et
2787 777 3117 837 libellando

550 888 855 968 proponit,
904 895 968 949 et
1011 888 1064 947 si
1112 894 1412 969 negatum
1457 887 1642 948 fuerit
1687 886 1954 965 probare
2002 885 2295 962 intendit3
2344 886 2427 946 ad
2474 885 2857 964 superfluam
2904 892 3117 945 tamen

551 995 996 1075 probacionem
1044 1014 1114 1057 se
1159 1014 1286 1055 non
1333 995 1638 1075 astringit,
1701 994 1872 1075 quod
1939 994 2085 1055 licet
2148 992 2425 1055 iamdicti
2472 992 2659 1054 Antal
2717 991 3006 1071 Trupsek
3056 998 3119 1051 et

552 1105 651 1164 alii
703 1103 1133 1184 prenominati,
1177 1103 1578 1183 universique
1625 1112 1688 1163 et
1733 1102 1965 1184 singuli
2016 1094 2301 1163 homines
2348 1110 2413 1161 et
2458 1100 2685 1179 populi,
2734 1099 2841 1179 qui
2890 1118 2959 1159 se
3004 1118 3117 1159 no·

551 1212 709 1272 biles
757 1211 912 1272 catri
959 1212 1390 1272 Medwewara
1437 1212 1769 1290 appellant,
1815 1210 1879 1271 in
1926 1210 2092 1270 dicto
2139 1210 2365 1270 cutello
2397 1207 2683 1268 decimali
2718 1205 2945 1287 Campi
2992 1207 3110 1267 Za·

551 1320 904 1403 grabiensis
951 1329 1430 1395 commorantes,
1477 1313 1664 1380 iteras
1711 1318 1992 1380 decimas
2030 1318 2334 1391 vinorum,
2379 1316 2725 1391 bladorum,
2770 1332 3107 1393 rerumque

552 1428 815 1489 aliarum
845 1427 1145 1489 decimari
1173 1420 1512 1502 solitarum,
1552 1426 1810 1505 prefatis
1842 1426 2109 1489 dominis
2140 1424 2473 1505 preposite,
2518 1422 2839 1483 canonicis
2873 1410 3131 1500 totique

353 1572 358 1579 ·
459 1518 464 1522 ⁴
551 1536 822 1615 capitulo
867 1552 1087 1597 eorum
1134 1535 1214 1596 ab
1263 1536 1518 1614 antiquo
1565 1542 1630 1595 et
1676 1552 1925 1613 semper
1976 1526 2205 1597 fuerint
2265 1541 2328 1593 et
2373 1533 2495 1593 sint
2556 1532 2708 1592 dare
2754 1538 2819 1591 et
2864 1530 3108 1590 solvere

551 1642 827 1723 obligati,
889 1642 1010 1721 ipsi
1074 1652 1285 1703 tamen
1346 1641 1622 1702 universi
1683 1640 2119 1703 universaliter
2181 1648 2244 1701 et
2300 1639 2530 1720 singuli
2594 1637 2993 1719 singulariter
3051 1636 3115 1696 in

549 1742 865 1811 solucione·
889 1750 1277 1811 'decimarum
1306 1749 1662 1809 huiusmodi
1707 1748 1946 1809 eisdem
1992 1748 2259 1809 dominis
2304 1746 2639 1827 preposite,
2679 1745 3013 1819 canoniciS,
3042 1752 3109 1805 et

549 1857 851 1937 capitulo-
866 1875 934 1919 se
976 1866 1304 1937 opponunt
1347 1864 1413 1918 et
1459 1856 1906 1930 contradicunt,
1953 1856 2250 1935 ipsasque
2301 1855 2578 1916 decimas
2626 1853 2718 1915 eis
2750 1854 2995 1915 solvere
3026 1852 3105 1912 ab

549 1966 730 2026 annis
777 1966 944 2026 xxti
989 1975 1298 2042 recusant,
1365 1974 1428 2027 et
1486 1974 1782 2027 recusant
1842 1966 1921 2026 de
1987 1965 2278 2044 presenti,
2340 1965 2405 2024 in
2450 1964 2799 2024 animarum
2854 1980 3111 2021 suarum

549 2072 908 2153 periculum,
953 2074 1364 2154 preiudicium
1409 2092 1562 2135 vero
1607 2073 1886 2153 ipsorum
1932 2072 2247 2152 prepositi,
2314 2071 2757 2132 canonicorum
2802 2078 2867 2130 et
2909 2068 3113 2129 tocius

550 2182 803 2261 capituli
873 2199 947 2242 ac
1009 2183 1352 2261 dampnum
1411 2184 1628 2243 valde·
1663 2200 1983 2263 magnum.
2052 2181 2339 2258 Quarum
2398 2178 2653 2259 quidem
2721 2178 3108 2239 decimarum

547 2289 801 2364 fructuS,
822 2278 829 2283 ’
847 2288 1126 2350 redditus
1171 2276 1236 2351 et
1279 2298 1622 2369 proventus
1669 2290 1751 2350 ab
1799 2306 1874 2350 eo
1921 2298 2223 2368 tempore,
2266 2306 2391 2367 quo
2450 2284 2716 2365 pretacti
2772 2284 3003 2345 Anthol
3051 2290 3115 2343 et

549 2396 676 2457 alii·
699 2386 1190 2476 supranominati
1231 2405 1300 2458 et
1346 2384 1578 2480 eorum'
1595 2404 1920 2459 consortes
1969 2414 2160 2457 cause
2204 2394 2514 2474 presentis
2560 2382 2629 2455 se
2670 2386 3113 2473 opponerunt⁵,

554 2504 693 2584 plus
761 2524 953 2585 quam
1021 2504 1138 2566 ad·
1177 2505 1407 2585 quinqe
1471 2506 1660 2566 millia
1719 2506 2007 2566 florenos·
2060 2503 2195 2565 auri
2262 2502 2424 2564 boni·
2474 2509 2539 2563 et
2604 2500 2751 2561 iusti
2818 2498 3113 2579 ponderis

557 2620 805 2681 monete
875 2613 1296 2695 hungarica-lis
1360 2634 1429 2677 se
1476 2610 1754 2679 solvere⁶
1801 2662 1814 2675 .
1863 2662 1876 2675 .
1926 2661 1939 2675 .

717 2758 722 2765 '
766 2753 1074 2825 Conceptio
1113 2754 1403 2824 originalis
1441 2755 1756 2824 chartacea,
1793 2755 1962 2810 v'alde
2002 2756 2175 2810 exesa
2212 2754 2271 2809 in
2316 2753 2502 2809 forma
2524 2750 2701 2807 libelli
2741 2751 3015 2819 confecta,
3054 2749 3113 2803 in

555 2860 668 2913 quo
705 2846 896 2914 plures
933 2844 1137 2901 similis
1171 2844 1559 2900 continentiae
1597 2844 1940 2899 documenta
1982 2843 2256 2913 inscripta
2300 2844 2445 2897 sunt.
2494 2842 2557 2895 In
2589 2839 2841 2895 'archivo
2878 2836 3113 2908 capituli

551 2935 682 2990 eccl.
725 2934 1133 3005 bagrabiensis:
1172 2936 1328 2989 Actu·
1350 2934 1580 3005 capituli
1619 2934 1855 3003 antiqua
1889 2936 2027 2991 fasc.
2066 2934 2167 2989 132.
2188 2933 2292 2989 No‘.
2328 2934 2417 2989 Μ
2598 2939 2601 2943 ’

762 3096 780 3128 ¹
822 3096 927 3152 Hic
962 3096 1248 3166 perierunt
1285 3097 1516 3167 aliquod
1553 3097 1755 3169 lineae,
1796 3113 2033 3169 quarum
2072 3095 2433 3152 solummodo
2473 3092 2769 3163 sequentia
2794 3092 3116 3159 fragmenta
3226 3124 3231 3129 -

543 3186 604 3240 in
642 3186 752 3241 fine
779 3185 1085 3241 earundem
1113 3190 1322 3243 extant.
1401 3187 1423 3218 ⁸
1454 3188 1720 3258 Sequitur
1753 3205 1928 3243 unum
1962 3187 2162 3243 folium
2198 3200 2419 3255 purum.
2497 3183 2516 3213 ³
2560 3182 2657 3237 sic.
2732 3181 2753 3210 ⁴
2792 3180 2889 3235 sic.
2968 3180 2987 3209 ⁵
3024 3178 3106 3233 sic

545 3275 964 3345 (opponerunt).
1044 3276 1063 3305 ⁶
1097 3277 1162 3330 In
1187 3278 1444 3347 sequenti
1471 3278 1678 3347 pagina
1712 3276 1910 3348 incipit
1928 3276 2101 3332 aliud
2139 3275 2557 3331 documentum.

1719 3616 1930 3687 ³58.

753 3820 938 3881 Anno
994 3815 1178 3882 1466.
1233 3800 1332 3881 18.
1379 3820 1524 3881 iulii.
1543 3864 1548 3869 .
1569 3818 1940 3901 Zagrabiae.
2006 3846 2011 3850 -

559 3982 956 4102 Wynandus
1022 4015 1229 4081 abbas
1295 4015 1710 4081 monasterii
1779 4014 1859 4080 Β.
1930 4013 2025 4079 Μ.
2112 4012 2179 4077 V.
2250 4008 2763 4096 Za'grabiensis,
2843 4005 3105 4071 nobiles

548 4123 796 4209 Campi
831 4122 1292 4210 Zagrabiensi
1293 4144 1330 4187 ς·
1374 4122 1468 4188 ad
1509 4121 1934 4189 audiendam
1979 4120 2401 4185 sentenciam
2453 4119 2530 4182 in
2567 4136 2781 4181 causa
2827 4114 3109 4178 racione

541 4229 846 4316 capitulo
871 4230 1344 4365 Zagrabiensi
1381 4251 1468 4295 ex
1503 4232 1704 4315 parte
1733 4227 2106 4293 eorundem
2140 4224 2629 4301 solvendarum
2657 4221 3109 4297 decimarum,

1059 4386 1066 4393 -
1134 4386 1140 4390 -
1199 4385 1208 4391 -
1254 4383 1259 4389 -
1337 4386 1344 4391 -
1727 4336 1960 4401 citat.
2808 4378 2811 4383 -
2882 4374 2891 4385 -
2946 4376 2953 4385 .
3072 4378 3077 4385 .

757 4547 852 4607 Ex
898 4553 1075 4624 parte
1139 4540 1466 4605 reverendi
1525 4538 1720 4620 patris
1779 4534 2013 4597 domini
2062 4532 2381 4611 Wynandi
2448 4530 2695 4593 abbatis
2740 4524 3104 4589 monasterii

550 4654 750 4715 beat'e·
781 4652 1008 4714 Marie-
1029 4645 1307 4731 Ivirginis
1345 4644 1832 4729 Zagrabiensis,
1893 4641 2375 4707 conservatoris,
2420 4639 2645 4700 iurium
2692 4646 2754 4698 et
2798 4637 3133 4705 bonormn-

548 4760 1003 4823 venerabilium
1069 4758 1464 4819 dominorum
1531 4754 1847 4834 prepositi,
1913 4751 2357 4813 canonicorum
2410 4756 2486 4813 ,et
2530 4744 2785 4825 capituli
2845 4740 3111 4804 ecclesie

544 4868 990 4950 Zagrabiensis
1037 4867 1306 4927 citantur
1350 4872 1416 4925 et
1459 4862 1636 4923 citari
1683 4862 2062 4923 mandantur
2105 4855 2348 4939 providi
2382 4862 2445 4915 et
2476 4851 2909 4931 circumspecti
2954 4848 3098 4909 viri:
3138 4894 3141 4899 .

543 4978 732 5037 Antol
778 4974 1084 5053 Trupsek‚
1129 4972 1394 5033 Dimiter
1439 4969 1781 5042 Petrusich,
1835 4974 1900 5027 et
1945 4966 2054 5027 filii
2112 4963 2373 5043 Georgii
2438 4962 2565 5039 [Su]
2573 4980 2716 5039 pan,
2783 4956 3107 5017 Thomsek
