3917 5592
2971 437 3100 498 325

1723 644 1935 716 287.

752 809 943 906 :anno
998 845 1182 907 1454.
1233 846 1334 907 28.
1382 847 1671 908 octobris.
1723 847 2096 928 Zagrabiae.

558 1039 833 1103 Vtricus
876 1038 1190 1104 Kostibol
1250 1061 1474 1105 comes
1541 1040 1791 1125 Campi
1852 1039 2352 1124 Zagrabiensis
2397 1063 2478 1105 ac
2537 1041 2836 1106 Thomas
2892 1040 3106 1125 filius

548 1147 755 1210 Pauli
801 1147 883 1210 de
944 1145 1362 1232 Woynosecz,
1410 1168 1632 1212 comes
1678 1152 1839 1212 terr.
1887 1148 2196 1213 eiusdem
2248 1148 2513 1232 Campi,
2562 1149 2908 1233 Dyonisio
2957 1148 3105 1233 My-

534 1254 711 1338 xych
742 1255 823 1319 de
856 1255 1241 1332 Lokawecz,
1271 1260 1485 1340 super
1512 1255 1742 1320 soluta
1772 1254 2185 1340 banschyna,
2217 1255 2682 1340 expeditorias
2713 1257 3105 1321 concedunt.

754 1455 888 1514 Nos
952 1454 1197 1514 Vlricus
1257 1454 1542 1514 Kostibol
1604 1473 1817 1514 comes
1880 1453 2108 1533 Campi
2173 1455 2618 1535 Zagrabiensis
2685 1474 2760 1515 ac
2825 1455 3105 1514 Thomas

546 1559 708 1620 filius
740 1562 919 1621 Pauli
949 1561 1057 1621 filii
1090 1562 1357 1621 condam
1389 1561 1681 1642 Gregorii
1726 1561 1835 1621 filii
1880 1562 2050 1638 olym
2083 1562 2295 1638 Woyn
2345 1563 2424 1620 de
2455 1552 2856 1640 Woynosecz
2890 1581 3104 1622 comes

544 1668 853 1729 terrestris
894 1669 1175 1730 eiusdem
1227 1667 1455 1747 Campi
1500 1669 1799 1730 memorie
1830 1669 2344 1728 commendamus
2390 1689 2505 1748 per
2549 1678 2890 1749 presente8‚
2936 1671 3106 1748 quod

548 1776 769 1837 nobilis
818 1777 912 1836 vir
971 1777 1311 1855 Dyonisius
1374 1777 1537 1837 filius
1604 1779 1871 1838 condam
1936 1776 2194 1857 Georgii
2257 1777 2364 1837 filii
2424 1779 2592 1855 olym
2654 1777 2897 1839 Nicolai
2958 1779 3104 1838 dicti

546 1884 736 1959 Myxe
785 1885 861 1944 de
910 1883 1188 1944 Inferiori
1234 1885 1602 1958 Lokawecz‚
1672 1903 1748 1944 ex
1796 1886 2022 1946 eodem
2069 1885 2337 1945 condam
2384 1885 2662 1965 Georgio
2725 1893 2789 1946 et
2852 1904 2930 1945 ex
2991 1905 3102 1946 no·

546 1990 649 2050 bili
696 1991 963 2051 condam
1010 1991 1261 2051 domina
1308 1993 1675 2072 Margareta
1720 2000 1965 2067 vocata,
2013 2011 2228 2052 sorore
2274 1986 2519 2052 uterina
2565 2001 2628 2051 et
2673 1992 2906 2052 carnali
2955 2011 3101 2052 con-

545 2099 691 2157 dam
736 2099 937 2159 Marci
982 2098 1090 2158 filii
1136 2099 1430 2158 Matheus
1478 2100 1557 2159 de
1605 2101 1817 2159 Losan
1874 2099 2149 2180 legitime
2197 2099 2564 2179 progenitus
2612 2107 2674 2158 et
2719 2108 3101 2178 procreatuS,

548 2207 626 2266 de
690 2209 1025 2269 medietate
1088 2207 1559 2286 possessionum
1607 2217 1669 2268 et
1715 2208 2079 2287 porcionum
2141 2207 2779 2286 possessionariarum
2841 2206 3103 2286 predicti

546 2315 812 2374 condam
859 2315 1061 2375 Marci
1108 2313 1213 2375 filii
1261 2315 1406 2375 dicti
1469 2316 1763 2375 Matheus
1826 2317 1889 2375 in
1935 2317 2102 2375 dicta
2164 2317 2374 2374 Losan
2423 2323 2484 2374 et
2529 2315 2594 2374 in
2658 2314 2977 2394 Superiori
3026 2334 3103 2374 ac

546 2421 823 2482 Inferiori
870 2423 1266 2499 Woynosecz
1313 2422 1683 2497 habitarum,
1731 2423 1936 2501 ipsum
1983 2422 2218 2482 scilicet
2265 2422 2634 2500 Dyonisium
2681 2422 2957 2499 Myxych
2985 2441 3099 2500 per

549 2530 892 2608 predictam
942 2530 1257 2590 dominam
1290 2530 1783 2610 Margaretham,
1831 2539 2096 2591 matrem
2129 2551 2310 2590 suam
2355 2531 2490 2591 iure
2535 2530 2913 2591 hereditario
2945 2549 3090 2590 con-

546 2645 856 2711 cernente,
904 2645 1275 2715 proventum
1308 2655 1420 2698 seu
1468 2656 1727 2698 censum
1773 2639 2141 2715 banschyna
2185 2639 2354 2718 wlgo
2400 2646 2710 2713 vocatum,
2759 2637 2939 2698 nobis
2970 2639 3099 2717 ple-

544 2744 717 2804 narie
787 2744 959 2804 dedit
1020 2752 1083 2804 et
1141 2745 1454 2823 persolvit,
1528 2755 1591 2805 et
1651 2745 1795 2805 ideo
1865 2763 1980 2805 nos
2047 2746 2318 2804 eundem
2389 2743 2757 2822 Dyonisium
2827 2745 3102 2821 Myxych

544 2851 793 2926 dictum,
841 2851 1093 2911 racione
1140 2852 1334 2930 ipsius
1384 2870 1611 2911 census
1658 2871 1772 2912 seu
1816 2860 2160 2930 proventus
2206 2852 2572 2929 banschyna
2619 2851 2782 2926 dicti,
2829 2851 3103 2910 reddidi-

541 2979 679 3018 mus
728 2967 789 3018 et
838 2958 1261 3019 commisimus
1310 2977 1385 3017 ac
1433 2957 1792 3037 reliquimus
1838 2957 1971 3018 fore
2023 2958 2302 3037 quietum
2349 2965 2412 3018 et
2459 2958 2832 3036 expeditum,
2884 2957 3101 3038 vigore

542 3075 605 3127 et
650 3067 1005 3128 testimonio
1054 3075 1241 3146 atque
1304 3067 1595 3127 firmitate
1658 3068 2051 3145 presencium
2099 3077 2452 3127 nostrarum
2500 3067 2833 3141 literarum,
2883 3066 3100 3147 sigillis

538 3173 765 3234 nostris
800 3175 995 3234 solitis
1043 3194 1081 3233 a
1126 3182 1308 3255 tergo
1341 3175 1421 3234 de
1453 3193 1627 3234 more
1660 3175 1815 3234 alias
1848 3183 2149 3234 consveto
2183 3175 2696 3255 consignatamm
2745 3175 3099 3252 [mediante.

539 3281 771 3341 Datum
818 3281 1174 3364 Zanrabie‚
1235 3283 1297 3340 in
1345 3281 1505 3341 festo
1568 3291 1925 3342 sanctorum
1993 3283 2286 3358 Symonis
2334 3289 2396 3341 et
2443 3282 2592 3342 Iude
2659 3283 3098 3359 apostolorum,

543 3407 707 3447 anno
755 3389 986 3447 domini
1034 3387 1360 3449 millesimo
1412 3389 2052 3469 [quadringentesimo
2099 3389 2647 3470 quin]quagesimo
2693 3397 2933 3468 quart0.

748 3525 1033 3595 Originale
1071 3527 1432 3581 chartaceum
1472 3543 1722 3596 exesum,
1762 3543 1798 3580 a
1836 3531 1990 3597 tergo
2029 3527 2267 3596 vestigia
2303 3528 2543 3582 duorum
2583 3544 2980 3597 appressorum
3023 3529 3096 3583 si-

539 3616 820 3684 gillorum.
856 3618 917 3669 In
957 3617 1107 3670 arch.
1148 3619 1336 3670 accad.
1376 3617 1570 3671 scient.
1610 3617 1829 3672 Slavor.
1870 3617 2066 3672 merid.
2103 3617 2429 3685 Zagrabiae.

1708 3900 1918 3971 288.

749 4064 935 4123 Anno
992 4062 1176 4124 1455.
1233 4063 1327 4124 13.
1375 4066 1654 4125 ianuarii.
1703 4067 2072 4146 Zagrabiae.

534 4221 787 4286 Coram
832 4221 1095 4286 Thoma
1113 4221 1276 4306 filio
1327 4223 1537 4287 Pauli
1568 4225 1649 4288 de
1698 4224 2112 4308 Woynosecz,
2161 4226 2408 4289 comite
2456 4230 2616 4291 terr.
2681 4225 2927 4308 Campi
2959 4227 3087 4288 Za-

519 4327 937 4412 gvabiensiS,
1012 4329 1383 4392 Emericus
1439 4333 1505 4394 et
1568 4329 1891 4414 Mathyas
1940 4330 2094 4415 filii
2159 4331 2373 4396 Pauli
2433 4332 2514 4396 de
2584 4331 3090 4415 Radomanycz,

524 4437 803 4499 vineam
848 4455 1053 4500 suam
1103 4436 1183 4499 in
1229 4440 1459 4501 monte
1504 4437 1906 4522 Mozyclzan,
1958 4437 2186 4502 tribus
2217 4438 2540 4522 floreniS,
2587 4437 2908 4523 Mathyae
2925 4437 3088 4522 filio

1199 4542 1661 4629 Obradowycz
1706 4545 1787 4609 de
1839 4544 2053 4622 Odra,
2097 4545 2422 4610 vendunt.

743 4725 875 4783 Nos
910 4725 1187 4784 Thomas
1221 4726 1379 4784 filius
1413 4726 1589 4785 Pauli
1622 4727 1726 4785 filii
1762 4727 1969 4804 Woyn
2017 4727 2094 4785 de
2145 4727 2541 4803 Woynosecz
2579 4745 2789 4786 comes
2847 4737 3073 4786 terres-

527 4834 637 4893 tris
686 4832 912 4909 Campi
957 4832 1403 4913 Zagrabiensis
1466 4834 1765 4894 memorie
1828 4834 2340 4893 commendamus
2407 4842 2622 4894 tenore
2687 4834 3084 4912 presencium

526 4941 951 5021 significantes
998 4940 1221 5018 quibus
1269 4942 1517 5018 expedit
1565 4941 1891 5016 universiS,
1937 4942 2108 5020 quod
2153 4941 2476 5001 Emericus
2525 4951 2588 5001 et
2635 4943 2930 5019 Mathyas
2979 4943 3085 5002 filii
