3917 5592
742 394 872 457 312

739 620 800 671 et
847 612 1231 672 meridionali
1280 596 1467 691 quam
1535 613 1734 673 eciam
1800 614 1877 673 ab
1926 614 2311 689 occidentali,
2379 622 2441 673 et
2506 614 2664 673 inter
2730 614 2974 674 vineam
3039 614 3291 687 Vrbani,

737 719 989 779 Andree
1038 728 1100 779 et
1146 720 1391 779 Thoma
1419 719 1684 779 filiorum
1733 719 2093 795 ClementiS,
2140 721 2202 781 in
2251 723 2414 781 dicto
2448 722 2964 799 Kosztanyeuecz
3013 740 3285 781 commo-

744 827 1022 887 rancium
1071 828 1148 887 ab
1199 828 1470 902 australi,
1521 828 1680 887 duas
1728 828 2151 889 dimensiones
2207 830 2400 909 vulgo
2448 837 2617 907 mety
2671 830 2871 889 dictas
2918 830 2980 889 in
3026 848 3097 890 se
3144 848 3289 889 con-

737 934 1053 1009 tinentem,
1100 935 1305 1012 ipsum
1352 935 1674 994 Vrbanum
1723 936 1854 996 iure
1903 936 2210 995 nobilitari
2268 937 2643 997 hereditario
2691 944 2859 996 recte
2908 944 2970 995 et
3016 936 3289 1016 legitime

736 1050 1232 1116 concernentem‚
1272 1042 1465 1130 ‘simul
1513 1062 1656 1101 cum
1703 1017 2015 1102 omnibus·
2040 1044 2320 1104 eiusdem
2386 1044 2568 1104 vinee
2617 1063 2728 1104 sue
2776 1044 3065 1103 montalis
3130 1043 3287 1103 utili-

737 1147 984 1220 tatibuS,
1035 1148 1267 1221 usibuS‚
1317 1149 1736 1225 proventibuS,
1804 1149 2336 1209 fructuositatibus
2386 1159 2447 1210 et
2494 1150 2890 1229 pertinenciis
2958 1150 3281 1223 universiS,

738 1275 851 1333 pro
898 1256 1150 1316 florenis
1198 1276 1307 1316 sex
1358 1257 1492 1316 auri
1540 1256 1738 1331 Gallo,
1803 1258 2144 1318 Benedicto
2193 1267 2255 1317 et
2299 1258 2621 1336 Stephano
2686 1253 2987 1317 filiorum¹
3049 1257 3291 1317 Thome

740 1358 1354 1443 cognominatorum²
1401 1365 1714 1445 Kungych
1765 1367 1842 1425 de
1891 1365 2242 1439 Lukavecz‚
2292 1384 2366 1425 ac
2412 1385 2526 1445 per
2572 1367 2827 1426 eosdem
2875 1364 3150 1445 ipsorum
3182 1366 3287 1426 he-

737 1471 989 1529 redibus
1038 1472 1462 1550 heredumque
1511 1492 1766 1532 suorum
1830 1474 2297 1533 successoribus
2364 1472 2760 1547 vendidisset,
2824 1474 3182 1533 tradidisset
3228 1482 3288 1533 et

735 1578 1138 1658 assignasset,
1172 1578 1361 1639 immo
1394 1598 1470 1639 ex
1505 1598 1814 1640 consensu
1845 1588 1908 1640 et
1941 1581 2318 1641 admissione
2348 1582 2583 1641 Vrbani
2615 1582 2721 1642 filii
2753 1581 2959 1655 Blasii,
2994 1582 3288 1660 patruelis

732 1685 926 1763 ipsius
972 1687 1230 1763 predicti
1282 1687 1518 1746 Vrbani
1549 1688 1844 1760 vendidit,
1890 1688 2144 1748 tradidit
2191 1697 2253 1748 et
2301 1690 2650 1769 assignavit
2684 1689 2896 1749 'coram
2942 1690 3121 1748 nobis
3155 1689 3286 1750 iure

730 1792 1105 1852 hereditario
1154 1802 1456 1872 perpetuo
1505 1804 1566 1854 et
1612 1795 2003 1855 irrevocabili
2050 1796 2514 1874 possidendam,
2562 1798 2896 1857 tenendam
2931 1797 3284 1875 pariterque

731 1907 794 1958 et
838 1900 1209 1961 habendam.
1257 1902 1326 1959 In
1375 1902 1549 1961 cuius
1584 1902 1673 1961 rei
1701 1902 2067 1962 memoriam
2118 1911 2304 1981 atque
2335 1904 2757 1963 testimonium
2802 1904 3283 1981 firmitatemque

727 2017 1112 2087 perpetuam,
1174 2011 1568 2087 presentibus
1632 2010 1834 2090 sigillo
1883 2008 2130 2070 nostro³
2193 2012 2271 2070 de
2318 2030 2491 2070 more
2542 2011 2697 2071 alias
2744 2020 3041 2071 consveto
3106 2010 3285 2072 duxi⁴

730 2116 1228 2194 appendendum.
1290 2117 1521 2177 Datum
1584 2118 1914 2198 Zagrabie,
1978 2118 2133 2178 feria
2199 2119 2476 2177 secunda
2524 2120 2805 2196 proxima
2868 2127 3011 2179 ante
3058 2120 3285 2179 testum

727 2224 895 2284 beati
943 2224 1233 2305 Gregorii
1281 2244 1463 2304 pape,
1529 2246 1693 2286 anno
1741 2226 1973 2286 domini
2038 2226 2362 2286 millesimo
2425 2227 3042 2307 quadringentesimo
3109 2229 3284 2305 quin-

728 2332 1098 2413 quagesimo
1145 2343 1383 2412 quarto,
2846 2322 2855 2331 ’

937 2474 978 2526 Ε
1034 2476 1388 2542 transumpto
1441 2474 1670 2543 capituli
1721 2473 2111 2541 Zagrabiensis
2159 2488 2208 2526 a.
2260 2471 2415 2527 1522.
2468 2472 2551 2527 12.
2602 2474 2754 2530 maii.
2808 2474 3059 2543 Simplex
3115 2476 3280 2545 copia

725 2563 934 2617 saeculi
987 2560 1172 2617 xvnl.
1211 2562 1359 2632 apud
1418 2564 1668 2618 nobilem
1707 2564 1956 2618 Marcum
2007 2564 2263 2617 Athana·
2303 2563 2362 2616 in
2400 2563 2560 2617 Inter.
2614 2564 2883 2617 homnica
2933 2564 3035 2618 No.
3072 2564 3158 2619 29.
3198 2564 3283 2619 Si·

727 2652 878 2706 milis
918 2652 1083 2721 copia
1121 2656 1276 2707 extat
1312 2652 1482 2706 etiam
1522 2652 1580 2705 in
1621 2653 1855 2707 archivo
1895 2652 2083 2707 accad.
2124 2652 2319 2707 scient.
2360 2652 2577 2707 Slavor.
2618 2653 2812 2706 met-id.
2850 2647 3207 2721 Zagrabiae.'

945 2830 957 2858 ¹
997 2830 1078 2883 sic
1115 2829 1298 2891 (filiis).
1375 2830 1395 2859 ²
1433 2830 1513 2883 sic
1553 2829 2024 2899 (cognominatis).
2106 2832 2125 2859 ³
2162 2832 2243 2885 sic
2283 2830 2547 2900 (sigillum
2590 2831 2886 2900 nostrum).
2964 2833 2982 2860 ⁴
3022 2832 3117 2885 sic.

935 3332 1118 3391 Anno
1175 3330 1358 3391 1454.
1417 3330 1465 3391 1.
1515 3332 1740 3410 aprilis,
1790 3332 2161 3411 Zagrabiae.

731 3524 983 3589 Coram
1049 3524 1374 3588 Emerico
1421 3523 1583 3608 filio
1631 3524 1844 3587 Pauli
1895 3524 2052 3608 filii
2121 3524 2349 3588 Iacobi
2408 3525 2490 3589 de
2552 3526 2983 3603 Korilouecz‚
3030 3510 3278 3590 comite

727 3633 886 3696 terr.
942 3630 1190 3715 Campi
1251 3625 1765 3715 Zagyabiensz'S,
1844 3630 2254 3695 Valentinus
2289 3630 2499 3714 filius
2546 3630 2828 3695 Nicolai
2888 3632 2970 3696 de
3018 3631 3278 3709 Lusan,

723 3741 1000 3803 vineam
1049 3758 1252 3801 suam
1303 3737 1382 3800 in
1429 3736 1924 3821 Markusewrg,
1973 3737 2332 3801 duodecim
2354 3737 2659 3823 florenis
2703 3740 2887 3815 auri,
2936 3738 3279 3823 Stephano

1505 3842 1794 3927 plebano
1840 3844 1923 3907 de
1989 3842 2200 3921 Odra,
2248 3844 2499 3909 vendit.

933 4046 1068 4104 Nos
1101 4043 1425 4104 Emericus
1457 4043 1619 4102 filius
1651 4043 1828 4101 Pauli
1861 4042 1967 4101 filii
2000 4044 2207 4103 Iacobi
2240 4045 2317 4103 de
2352 4044 2721 4131 Korilouecz
2768 4064 2978 4104 comes
3025 4053 3274 4104 terrest-

719 4153 801 4212 ris
865 4151 1092 4230 Campi
1157 4149 1601 4230 Zagrabiensis
1669 4150 1967 4209 memorie
2032 4152 2542 4210 commendamu.;
2608 4160 2821 4211 tenore
2883 4152 3275 4228 presencium

717 4259 1144 4338 significantes
1211 4256 1435 4335 quibus
1499 4256 1748 4334 expedit
1811 4256 2135 4331 universis,
2200 4259 2367 4335 quod
2430 4277 2571 4317 cum
2634 4277 2751 4317 nos
2799 4259 2879 4317 ad
2940 4258 3275 4317 instantem

716 4366 1090 4444 peticionem
1137 4358 1357 4437 nobili¹
1405 4362 1519 4423 viri
1565 4364 1876 4422 Valentini
1923 4364 2032 4423 filii
2064 4364 2305 4424 Nicolai
2352 4366 2431 4424 de
2478 4366 2705 4436 Lusan,
2755 4365 3025 4425 nobilem
3072 4365 3275 4424 virum

717 4473 1114 4532 Valentinum
1179 4471 1372 4531 filium
1435 4470 1747 4547 Damyani
1793 4472 1873 4531 de
1919 4473 2151 4547 Lusan,
2197 4471 2597 4551 iobagioiiern
2660 4472 2949 4532 videlicet
2994 4481 3272 4532 nostrum

721 4580 1125 4659 fidedignum,
1174 4580 1252 4638 de
1301 4580 1451 4637 sede
1499 4587 1713 4638 nostra
1746 4578 2067 4638 iudiciaria
2114 4580 2293 4639 solita
2324 4579 2752 4659 Zagrabiensi,
2802 4579 3089 4639 videlicet
3118 4580 3274 4639 teria

715 4687 991 4747 secunda
1040 4685 1320 4763 proxima
1369 4694 1511 4746 ante
1559 4685 1786 4745 festum
1832 4686 1999 4745 beati
2049 4685 2337 4765 Gregorii
2384 4704 2564 4763 pape,
2613 4705 2778 4744 nunc
2824 4686 3104 4763 proxime
3132 4704 3271 4765 pre-

713 4792 980 4866 teritum,
1041 4793 1120 4852 ad
1182 4791 1638 4870 infrascriptam
1703 4792 2155 4851 amonicionem
2222 4791 2496 4871 legitime
2560 4792 3069 4866 destinassemuS,
3134 4800 3271 4852 tan-

715 4901 856 4959 dem
906 4899 1071 4959 idem
1120 4898 1370 4978 iobagio
1433 4907 1646 4958 noster
1707 4899 2064 4979 fidedignus
2112 4898 2173 4957 in
2238 4898 2566 4976 quindenis
2634 4898 2910 4977 predicte
2973 4898 3125 4960 ferie
3174 4918 3271 4958 se-
