3917 5592
3052 434 3183 496 385

629 653 1025 732 presentibus
1072 652 1279 734 sigilla
1309 660 1525 712 nostra
1571 652 1649 711 de
1698 671 1871 712 more
1919 651 2075 711 alias
2108 659 2407 710 consveto
2440 649 2729 710 duximus
2762 650 3181 710 concedenda.

624 760 858 819 Datum
891 759 1258 839 Zagrabye,
1303 759 1459 819 feri‘a
1505 758 1784 818 secunda
1844 757 2131 837 proxima
2177 765 2321 839 ante
2366 758 2596 818 festum
2642 756 2811 818 beati
2856 756 3185 818 Michaelis

626 865 1005 947 archangeli,
1071 885 1235 927 anno
1297 865 1530 927 domini
1591 865 1917 926 millesimo
1980 863 2597 946 quadringentesimo
2662 863 3182 946 quinquagesimo

619 968 803 1034 VIII0.

835 1095 1119 1166 Originale
1158 1098 1601 1166 membraneum,
1642 1097 1961 1166 dependent
2013 1097 2158 1151 duae
2198 1111 2376 1152 zonae
2416 1095 2663 1151 sericeae
2700 1095 2852 1150 rubri
2892 1098 2948 1150 et
2984 1094 3181 1150 viridis

621 1185 844 1255 color-ie,
885 1202 920 1240 a
957 1202 1196 1255 quarum
1235 1185 1421 1255 prima
1457 1186 1741 1256 appendet
1765 1186 2027 1255 sigillum,
2067 1186 2341 1240 exhibens
2369 1189 2606 1248 scutum,
2646 1185 2705 1239 in
2739 1201 2852 1254 quo
2878 1185 2969 1239 leo
2998 1185 3179 1239 cauda

621 1280 809 1331 erecta
859 1276 932 1330 ad
970 1275 1226 1330 dextram
1279 1277 1421 1331 scuti
1476 1279 1714 1346 partem,
1764 1276 2173 1346 posterioribus
2222 1275 2461 1344 pedibus
2500 1275 2674 1330 fundo
2713 1274 2998 1342 insistens,
3048 1288 3177 1343 pro-

621 1365 784 1434 cedit,
823 1381 992 1435 super
1030 1382 1143 1435 quo
1183 1365 1240 1419 in
1279 1365 1508 1420 sinistro
1545 1365 1823 1436 superiori
1862 1365 2007 1420 scuti
2043 1366 2249 1434 angulo
2288 1381 2468 1434 parva
2502 1381 2639 1419 crux
2675 1363 2894 1418 visitur.
2933 1361 3182 1418 Circum-

619 1455 858 1509 ferentia
915 1456 1145 1510 exhibet
1193 1454 1620 1525 inscriptionem
1657 1455 1812 1510 haud
1863 1455 2173 1524 legibilem:
2225 1455 2379 1508 aliud
2436 1454 2697 1536 sigillum,
2757 1454 2909 1522 quod
2964 1451 3175 1507 adhae-

619 1545 778 1600 rebat
815 1549 1025 1599 alterae
1065 1561 1262 1614 zonae,
1301 1545 1472 1600 deest.
1513 1545 1578 1599 In
1617 1545 1851 1600 archivo
1889 1543 2046 1613 regni
2095 1544 2429 1613 Hungariae,
2467 1543 2835 1612 Budapestini
2906 1543 2974 1597 M.
3015 1541 3078 1597 Ο.
3117 1541 3179 1597 D.

621 1633 680 1688 L.
717 1633 950 1703 32947„
991 1634 1128 1689 olim
1166 1633 1230 1689 N.
1270 1635 1336 1690 R.
1373 1635 1439 1688 A.
1481 1635 1617 1689 fasc.
1655 1633 1776 1690 134.
1814 1633 1916 1689 No,
1951 1633 1989 1688 3

841 1813 854 1840 ¹
899 1812 995 1866 sie.
1073 1811 1098 1844 ⁸
1134 1812 1215 1868 sic
1255 1812 1499 1882 (Agatha
1535 1815 1590 1868 et
1627 1812 1869 1885 Vrsula).
1947 1813 1969 1843 ⁸
2007 1813 2089 1868 sic
2127 1812 2341 1883 (ipsas).
2416 1812 2437 1841 ⁴
2476 1812 2557 1867 sic
2594 1812 2871 1883 (ipsarum
2920 1811 3178 1866 domina·-

618 1902 785 1972 rum).
863 1904 882 1933 ⁸
919 1903 1000 1958 sic
1027 1903 1546 1970 (contradiccione).
1625 1902 1648 1934 ⁸
1683 1903 1956 1958 terminus
1983 1907 2374 1972 »apparente«,
2402 1901 2498 1971 qui
2525 1902 2684 1971 sequi
2721 1902 2964 1973 deberet,
3004 1900 3176 1958 deest.

622 1994 640 2021 ⁷
679 1992 762 2050 sic
800 1991 1017 2068 (metb).
1095 1995 1116 2022 ⁸
1153 1993 1236 2052 sic
1284 1992 1479 2062 (ditas).
1557 1993 1577 2022 ⁸
1613 1993 1695 2054 sic
1734 1991 2188 2068 (continentem).
2267 1991 2309 2022 ¹⁰
2345 1991 2442 2050 sic.

1797 2280 2010 2376 ³21.

833 2448 1018 2508 Anno
1075 2446 1258 2508 1458.
1309 2447 1410 2507 22.
1460 2448 1748 2508 octobris,
1796 2448 2169 2528 Zagrabiae.

620 2607 998 2691 Bogawecz
1044 2604 1507 2690 Mylakowych
1554 2627 1778 2671 comes
1844 2606 2093 2691 Campi
2154 2607 2297 2692 Zag
2305 2604 2651 2670 rabiensis
2710 2625 2793 2668 ac
2838 2603 3181 2670 Iohannes

620 2713 918 2799 Iognych
965 2715 1047 2779 de
1093 2714 1330 2800 Super.
1380 2714 1769 2791 Lokawecz,
1818 2735 2040 2778 comes
2097 2716 2258 2778 terr.
2307 2713 2616 2779 eiusdem
2670 2713 2918 2797 Campi
2961 2716 3180 2781 statu-

618 2823 878 2886 tionem
927 2823 1156 2887 Lucae
1201 2821 1712 2908 Ressetharych‚
1761 2821 2073 2887 Andreae
2106 2821 2261 2906 filii
2314 2821 2607 2907 Georgii
2666 2824 2733 2886 et
2786 2819 2979 2885 Galli
3028 2820 3185 2905 ficii

617 2931 814 2997 Iwan
858 2930 940 2997 de
996 2930 1495 3014 Gustinnycza,
1561 2931 1642 2995 in
1700 2931 2167 3014 possessiones
2228 2929 2599 2995 eorundem
2668 2930 2743 2994 in
2793 2928 2980 2993 dicta
3012 2913 3177 2994 'Gu-

1286 3039 1653 3123 stinnycza
1699 3039 2078 3112 existentes,
2126 3038 2279 3102 noti
2270 3036 2514 3122 fleant.

831 3238 964 3297 Nos
998 3238 1353 3317 Bogawecz
1386 3237 1832 3314 Mylakowych
1856 3235 2222 3315 capitaneus
2248 3235 2435 3295 castri
2458 3236 2711 3295 Medwe
2736 3235 2943 3295 vocati
2971 3253 3184 3294 comes

618 3345 845 3422 Campi
910 3342 1354 3424 Zagrabiensis
1403 3363 1476 3404 ac
1530 3345 1839 3404 Iohannes
1900 3343 2063 3402 filius
2126 3342 2450 3403 Benedicti
2510 3343 2789 3421 Iagnych
2845 3341 3053 3402 vocati
3102 3343 3181 3402 de

618 3451 935 3530 Superiori
997 3452 1348 3511 Lokawecz
1398 3471 1610 3512 comes
1671 3451 1984 3512 terrestris
2048 3451 2329 3510 eiusdem
2376 3449 2603 3529 Campi
2666 3449 2965 3510 memorie
3013 3469 3179 3510 com·

620 3559 990 3619 mendamus
1039 3567 1253 3619 tenore
1316 3559 1712 3638 presencium
1773 3557 2200 3639 significantes
2265 3557 2489 3636 quibus
2552 3557 2801 3635 expedit
2850 3557 3177 3631 universiS,

620 3667 790 3745 quod
821 3666 999 3726 nobis
1031 3666 1188 3726 feria
1218 3667 1496 3726 secunda
1524 3665 1807 3745 proxima
1833 3673 1976 3725 ante
2009 3664 2236 3724 festum
2263 3663 2666 3724 exaltacionis
2692 3671 2909 3724 sancte
2935 3663 3177 3738 CruciS,

620 3794 786 3834 nunc
832 3774 1110 3853 proxime
1160 3773 1540 3853 preteritum,
1587 3773 1651 3833 in
1697 3774 1848 3834 sede
1895 3781 2112 3833 nostra
2157 3771 2479 3832 iudiciaria
2527 3771 2710 3832 solita
2763 3771 3178 3851 Zagrabiensi

621 3882 683 3940 in
729 3882 953 3941 iudicio
999 3902 1112 3961 pro
1159 3881 1448 3941 tribunali
1495 3880 1856 3941 sedentibus
1904 3899 2256 3959 causasque
2304 3887 2670 3939 cunctorum
2718 3899 2929 3940 coram
2993 3877 3174 3938 nobis

621 3989 1006 4069 litigancium
1055 3988 1216 4048 iusto
1264 3987 1412 4047 iuris
1460 3988 1708 4047 tramite
1741 3987 2242 4062 discucientibus,
2291 3996 2438 4047 tunc
2468 3987 2676 4046 Lucas
2707 3986 2869 4046 filius
2918 3986 3173 4060 Mathie,

621 4097 1080 4174 Ressetharych
1149 4097 1646 4176 cognominatu8‚
1718 4115 1860 4154 cum
1927 4095 2221 4155 fratribus
2284 4095 2413 4154 suis
2478 4096 2555 4155 de
2620 4095 3063 4172 Gustinnycza,
3114 4101 3178 4154 et

619 4206 906 4266 Andreas
953 4205 1115 4265 filius
1144 4204 1402 4284 Georgii
1449 4204 1555 4263 filii
1587 4204 1798 4277 chz,
1847 4202 2125 4264 similiter
2172 4223 2313 4263 cum
2345 4202 2639 4263 fratribus
2672 4203 2801 4263 suis
2834 4204 2912 4263 de
2947 4202 3171 4262 eadem

618 4311 1058 4389 Gustinnycza,
1107 4330 1350 4371 necnon
1391 4311 1607 4371 Gallus
1655 4309 1814 4370 filius
1848 4311 2079 4386 Iwany,
2128 4310 2357 4370 ibidem
2390 4309 2670 4370 similiter
2700 4329 2843 4370 cum
2876 4308 3169 4369 fratribus

619 4419 766 4494 suiS‚
814 4421 892 4479 de
938 4419 1146 4479 medio
1196 4418 1458 4480 aliorum
1504 4417 1907 4477 causancium
1956 4424 2237 4476 nostrum
2282 4417 2673 4476 iudiciariam
2721 4415 3085 4495 exurgendo
3110 4415 3175 4474 in

619 4535 1038 4607 conspectum,
1087 4527 1265 4587 nobis
1299 4544 1375 4586 eo
1406 4527 1594 4586 modo
1642 4522 2001 4603 significare
2035 4531 2426 4598 curaverunt,
2474 4531 2543 4582 ut
2586 4522 2705 4602 ipsi
2737 4522 2801 4581 in
2834 4520 3176 4582 dominium

616 4635 1084 4715 possessionum
1131 4643 1193 4695 et
1239 4635 1602 4715 porcionum
1649 4652 1904 4693 suarum
1949 4631 2588 4712 possessionariarum
2660 4629 3177 4691 hereditariarum

619 4752 680 4802 et
703 4743 1001 4802 nobilium
1025 4741 1088 4802 in
1121 4744 1255 4803 sola
1288 4742 1433 4802 villa
1464 4741 1892 4818 Gustinnycza
1925 4738 2349 4813 existencium,
2375 4737 2679 4820 legittime
2711 4737 2941 4796 vellent
2965 4735 3173 4810 statui,

619 4851 1008 4929 eandemque
1075 4851 1540 4930 possessionem
1609 4851 1672 4909 in
1735 4849 1901 4910 dicta
1966 4847 2393 4923 Gustinnycza
2458 4847 2539 4906 ab·
2608 4845 2871 4906 aliorum
2940 4844 3175 4904 iuribus

617 4957 1130 5038 possessionariis
1175 4977 1292 5038 per
1336 4957 1706 5038 iobagiones
1755 4964 2004 5016 nostros
2065 4954 2421 5035 fidedignos
2486 4953 2765 5034 separari
2812 4971 2923 5014 seu
2971 4951 3180 5025 dividi,

2962 5073 3031 5126 25
