3917 5592
3010 492 3119 569 101

571 715 845 802 dassent,
891 748 1038 805 ymo
1084 716 1493 805 pacificarunt
1540 738 1602 788 et
1672 722 2131 788 concordarunt
2178 724 2310 786 iure
2358 734 2662 805 perpetuo
2711 734 2774 785 et
2819 725 3131 785 irreuoca-

571 834 787 907 biliter,
851 844 1034 912 prout
1095 836 1436 895 retulerunt
1497 855 1708 895 coram
1774 835 1954 894 nobis
2021 834 2129 894 tali
2190 834 2411 893 modo:
2484 833 2653 910 quod
2720 832 3135 910 prenominati

571 940 808 1001 nobiles
870 942 1238 1021 iobagiones
1299 943 1486 1001 castri
1547 944 1626 1003 de
1697 942 2037 1001 Korilouch
2086 950 2214 1000 tarn
2262 942 2540 1019 ipsorum
2588 958 2777 1017 quam
2826 939 3131 998 dictorum

571 1048 853 1123 filiorum,
883 1048 1143 1110 fratrum
1191 1058 1254 1109 et
1298 1050 1720 1127 proximorum
1755 1069 2011 1109 suorum
2062 1048 2491 1109 vniuersorum
2533 1046 2904 1121 nominibuS,
2938 1066 3131 1125 quan·

571 1156 717 1216 dam
782 1165 946 1217 terre
995 1158 1364 1235 particulam
1423 1177 1536 1217 seu
1602 1157 2165 1236 possessionariam
2212 1156 2575 1234 porcionem
2624 1163 2686 1215 et
2732 1154 2937 1215 locum
2987 1154 3133 1214 dicti

570 1263 906 1324 molendini
952 1283 1030 1324 ex
1075 1272 1254 1342 parte
1301 1264 1554 1325 orientis
1603 1265 2019 1343 possessionis
2067 1264 2345 1343 ipsorum
2373 1262 2668 1337 habitam,
2698 1264 2777 1322 de
2806 1262 3133 1342 priuilegio

569 1371 763 1432 felicis
811 1372 1268 1433 recordacionis
1315 1374 1478 1433 bone
1509 1373 1808 1434 memorie
1840 1373 2075 1433 domini
2109 1374 2258 1433 Bele
2292 1372 2461 1451 regis
2506 1370 2835 1452 Hungarie
2867 1372 3135 1431 condam

573 1480 936 1554 excidend0‚
1011 1488 1194 1558 prout
1239 1489 1404 1541 mete
1453 1481 1708 1541 inferius
1757 1481 1985 1559 scripte
2032 1481 2192 1540 inter
2237 1480 2444 1540 medio
2494 1488 2791 1559 resegant
2838 1488 2900 1539 et
2954 1496 3134 1556 sepa-

570 1596 784 1647 rantur
851 1588 929 1647 ab
991 1588 1278 1663 inuicem,
1340 1588 1682 1666 prenotatis
1747 1588 1887 1647 filiis
1950 1587 2244 1647 Iohannis
2316 1587 2423 1646 filii
2470 1586 2707 1646 Vrbani
2755 1586 3138 1659 dimiserunt,

572 1695 994 1773 relinquerunt
1042 1704 1105 1755 et
1151 1696 1546 1755 donauerunt
1592 1695 1743 1773 ipsis
1792 1704 1854 1755 et
1885 1714 2103 1755 eorum
2139 1694 2279 1755 filiis
2313 1694 2447 1755 iure
2480 1701 2783 1773 perpetuo
2810 1693 3136 1767 tenendaS,

569 1801 982 1879 possidendas
1044 1802 1278 1880 pariter
1339 1806 1403 1861 et
1463 1803 1806 1877 habenda8‚
1871 1802 1958 1862 ita
2023 1810 2251 1877 tamen,
2301 1802 2471 1880 quod
2518 1801 2571 1859 si
2619 1801 3010 1879 quicuncque
3061 1819 3138 1859 ex

573 1909 870 1987 proximis
934 1908 1210 1987 ipsorum
1273 1910 1374 1969 uel
1437 1910 1746 1988 quispiam
1811 1911 2069 1969 eosdem
2130 1910 2289 1969 filios
2352 1908 2643 1968 Iohannis
2706 1908 2767 1967 in
2814 1907 3136 1985 premissis

572 2018 904 2077 molestare
952 2016 1220 2077 uoluerit
1265 2036 1478 2077 coram
1526 2018 1750 2095 quouis
1813 2018 2021 2077 iudice
2068 2018 2130 2076 in
2176 2017 2470 2091 futurum,
2518 2024 2744 2075 extunc
2791 2016 2979 2075 iidem
3026 2034 3135 2073 no-

571 2125 728 2185 biles
775 2126 852 2185 de
901 2125 1240 2185 Korilouch
1298 2134 1360 2185 et
1406 2144 1624 2185 eorum
1693 2125 1802 2185 filii
1851 2145 1925 2185 ac
1970 2124 2196 2184 fratres
2245 2134 2308 2184 et
2352 2124 2617 2202 proximi
2665 2144 2805 2183 cum
2858 2123 3136 2201 ipsorum

572 2232 887 2292 laboribus
949 2241 1011 2293 et
1073 2232 1363 2310 expensis
1427 2232 1722 2310 expedire
1770 2242 1834 2293 et
1895 2232 2243 2292 deliberare
2291 2251 2536 2292 necnon
2583 2231 2644 2291 in
2683 2232 2941 2309 eysdem
2989 2250 3134 2290 con-

573 2359 826 2400 seruare
873 2348 1248 2414 tenerentur,
1297 2339 1566 2418 insuper,
1614 2341 1784 2419 quod
1819 2340 1882 2399 si
1929 2360 2052 2418 que
2086 2340 2363 2417 parcium
2396 2340 2457 2399 in
2492 2339 2779 2398 omnibus
2812 2338 3133 2417 premissis

576 2456 781 2507 astare
841 2455 905 2508 et
964 2466 1374 2526 perseuerare
1439 2447 1725 2521 noluerit,
1789 2455 1852 2507 et
1919 2446 2131 2506 omnia
2177 2447 2485 2525 premissa
2561 2455 2623 2506 et
2690 2446 3135 2524 premissamm

575 2555 822 2635 singula
867 2554 1221 2633 insurgerit,
1286 2564 1512 2615 extunc
1576 2555 1717 2614 talis
1763 2574 1912 2633 pars
1961 2562 2177 2614 contra
2224 2562 2467 2632 partem
2516 2555 2777 2614 alteram
2824 2553 3132 2631 premissa

574 2661 1032 2737 obseruantem,
1094 2662 1156 2720 in
1207 2662 1368 2721 vicio
1440 2656 1824 2740 calumpnie8
1869 2681 2083 2722 coram
2153 2660 2375 2739 quouis
2425 2660 2625 2720 iudice
2694 2660 3003 2739 puniatur,
3054 2659 3136 2718 ad

572 2787 693 2846 que
742 2787 809 2828 se
859 2767 1041 2828 ambe
1088 2776 1300 2846 partes
1348 2777 1570 2846 sponte
1619 2769 1978 2849 obligarunt
2024 2787 2235 2827 coram
2283 2767 2463 2827 nobis
2494 2766 2889 2845 presencium
2923 2774 3133 2826 aucto-

577 2876 756 2935 ritate
805 2876 1134 2936 mediante.
1181 2876 1352 2935 Mete
1400 2895 1553 2935 uero
1600 2877 1803 2955 ipsam
1850 2876 2221 2954 particulam
2269 2894 2381 2935 seu
2431 2875 2791 2964 porcionem
2836 2883 2898 2934 et
2928 2875 3133 2934 locum

577 2983 771 3061 ipsius
818 2984 1152 3044 molendini
1201 3003 1240 3043 a
1265 2970 1768 3062 possessionibus
1818 2984 2124 3045 dictorum
2170 2983 2468 3043 nobilium
2516 3002 2591 3043 ex
2638 2990 2817 3061 parte
2864 2981 3137 3055 orientiS,

578 3091 812 3151 scilicet
879 3092 1038 3151 inter
1108 3092 1316 3152 medio
1386 3092 1591 3152 taliter
1638 3100 2012 3171 separantur
2082 3099 2145 3151 et
2202 3091 2650 3171 distinguntur:
2721 3089 2923 3167 prima
2968 3096 3137 3147 meta

579 3198 789 3277 incipit
832 3199 1004 3259 iuxta
1051 3201 1398 3279 predictum
1447 3201 1708 3260 fluuium
1756 3200 1930 3260 Odra
1978 3208 2273 3259 vocatum
2305 3199 2368 3258 in
2398 3200 2523 3259 fine
2570 3199 2892 3259 cuiusdam
2940 3216 3135 3277 parue

579 3308 863 3367 clausure
910 3308 1104 3385 ipsius
1165 3308 1519 3383 molendini,
1588 3308 1693 3368 ubi
1740 3316 1838 3369 est
1882 3316 2051 3368 meta
2099 3316 2305 3367 terrea
2373 3316 2434 3367 et
2481 3308 2543 3366 in
2592 3309 2815 3367 eadem
2862 3307 3134 3386 quedam

578 3409 867 3474 trunkus‘
930 3414 1168 3474 arboris
1232 3415 1441 3475 sillicis
1512 3425 1608 3475 est
1671 3416 1928 3492 positus,
1992 3416 2071 3475 de
2134 3433 2257 3493 qua
2328 3415 2611 3493 procedit
2669 3415 2983 3475 modicum
3054 3415 3135 3473 ad

578 3522 900 3581 meridiem
963 3531 1027 3581 et
1085 3522 1226 3581 salit
1284 3516 1630 3601 quendam⁵
1675 3523 1844 3582 viam
1907 3531 1970 3583 et
2031 3521 2203 3581 uenit
2264 3521 2344 3581 acl
2409 3517 2755 3600 quendam⁶
2812 3521 3137 3597 fossatum,

579 3648 690 3707 per
735 3630 902 3706 quod
949 3629 1254 3688 fossatum
1303 3630 1632 3689 reuertitur
1679 3630 1759 3689 ad
1823 3629 2125 3689 orientem
2173 3638 2235 3689 et
2280 3648 2393 3707 per
2441 3630 2709 3689 eundem
2756 3630 3009 3690 deuenit
3056 3630 3135 3688 ad

579 3738 894 3815 quandam
941 3756 1241 3817 mag-narn
1288 3737 1474 3812 viam,
1507 3756 1628 3816 que
1678 3738 1797 3797 itur
1844 3739 1921 3797 de
1972 3738 2136 3797 dicto
2182 3738 2374 3797 fluuio
2422 3738 2599 3798 Odra
2644 3758 2865 3799 uersus
2914 3738 3135 3797 Scher-

579 3845 746 3918 sech,
809 3852 872 3904 et
917 3844 1082 3904 circa
1129 3845 1398 3906 eandem
1443 3845 1610 3905 viam
1660 3855 1722 3906 et
1768 3840 2108 3924 quosdam7
2154 3846 2411 3906 arbores
2460 3840 2791 3907 mirastun8
2837 3863 2951 3924 per
2996 3864 3135 3923 pre-

580 3952 810 4012 dictum
879 3952 1183 4013 fossatum
1233 3954 1566 4013 reuertitur
1613 3954 1694 4013 ad
1740 3952 2065 4013 meridiem
2119 3962 2190 4019 et
2254 3955 2535 4031 procedit
2598 3964 2660 4014 et
2720 3953 3005 4032 peruenit
3056 3954 3135 4013 ad

579 4070 808 4119 metam
863 4068 1150 4135 terream,
1197 4061 1304 4120 vbi
1350 4070 1447 4121 est
1477 4080 1671 4139 prope
1719 4080 1954 4141 magna
1984 4060 2105 4137 via,
2152 4080 2273 4140 que
2304 4061 2424 4121 itur
2471 4063 2548 4121 de
2596 4062 2831 4121 oriente
2864 4062 2945 4121 ad
2975 4061 3135 4120 occi-

579 4168 826 4227 dentem
875 4176 939 4227 et
983 4166 1067 4227 ibi
1119 4168 1542 4228 terminantur.
1591 4170 1658 4227 In
1707 4169 1880 4228 cuius
1930 4168 2019 4228 rei
2065 4170 2432 4229 memoriam
2464 4170 2944 4248 firmitatemque
2998 4187 3134 4247 per-

577 4282 850 4353 petuam,
881 4282 1208 4353 presentes
1236 4275 1473 4335 litteras
1503 4285 1748 4336 nostras
1776 4275 2198 4357 priuilegiales
2247 4278 2505 4353 eysdem
2536 4276 2816 4355 partibus
2849 4276 3136 4336 duximus

579 4383 1015 4442 concedendas
1046 4383 1126 4441 ad
1159 4384 1484 4444 cautelam.
1533 4386 1763 4443 Datum
1796 4385 2127 4465 Zagrabie,
2172 4384 2329 4444 feria
2362 4386 2639 4445 secunda
2685 4385 2964 4463 proxima
2996 4392 3139 4462 post

577 4490 804 4550 festum
850 4489 1176 4549 beatorum
1242 4490 1411 4549 Petri
1458 4500 1520 4550 et
1566 4491 1743 4550 Pauli
1792 4493 2231 4570 apostolorum,
2299 4510 2461 4551 anno
2512 4490 2742 4550 domini
2798 4486 3136 4551 M0.CCC⁰.

577 4591 796 4657 LXX⁰.
845 4597 1129 4674 septimo.

790 4734 1076 4805 originale
1101 4737 1528 4791 membraneum
1557 4736 1774 4792 duabus
1813 4738 1977 4792 flavis
2003 4738 2161 4793 zonis
2200 4738 2428 4792 sericeis
2454 4738 2667 4806 absque
2706 4738 2901 4807 sigillis
2928 4756 3138 4809 appen-

577 4824 855 4881 dentibus.
893 4824 954 4879 ln
994 4824 1228 4879 archivo
1268 4840 1551 4880 commun.
1591 4828 1716 4880 nob.
1757 4826 1826 4879 de
1864 4826 2187 4896 Turopolje.

797 4986 812 5017 ¹
847 4986 947 5040 sic.
1045 4986 1066 5015 ²
1115 4984 1213 5041 sic.
1309 4987 1328 5017 ³
1383 4986 1650 5057 Sequitur
1701 4986 2057 5057 ‚‚puniatur“,
2109 4989 2259 5058 quod
2314 4990 2511 5043 subtus
2561 4990 2783 5059 punctis
2834 4992 3136 5059 signatum,

577 5074 819 5144 ideoque
867 5074 1296 5133 eliminandum.
1408 5078 1430 5107 ⁴
1485 5078 1580 5131 sic.
1659 5078 1681 5108 ⁸
1737 5078 1820 5131 sic
1873 5076 2216 5146 (quandam).
2325 5080 2344 5106 ⁶
2399 5079 2482 5133 sic
2534 5079 2882 5149 (quoddam).
2974 5082 2993 5109 ⁷
3053 5082 3135 5135 sic

575 5163 920 5234 (quasdam).
997 5166 1018 5194 ⁸
1055 5166 1154 5220 sic.
