3917 5592
3002 402 3130 463 197·

566 629 779 670 coram
825 612 1006 671 nobis
1052 614 1462 690 personaliter
1508 614 1840 689 constituti,
1889 615 2159 675 confessi
2205 616 2536 675 extiterunt
2580 617 2919 676 ministerio
2982 618 3123 677 vive

561 719 736 778 vocis
783 717 845 779 in
915 720 1081 779 hunc
1128 721 1400 795 modum,
1474 724 1642 801 quod
1688 723 1928 800 prefati,
1977 723 2265 783 videlicet
2318 724 2674 802 Stephanus
2744 744 2955 784 comes
3002 733 3121 785 ter·

566 828 780 887 restris
827 829 1166 889 modernus
1215 837 1278 890 et
1309 830 1410 890 alii
1459 831 1744 910 superius
1777 831 2095 907 nominati,
2144 832 2612 892 considerantes
2646 840 2709 893 et
2738 833 2801 891 in
2849 833 3123 892 animum

559 935 840 1013 ipsorum
889 937 1260 998 reducentes
1306 938 1501 1015 ipsius
1548 938 1726 998 Pauli
1773 940 1989 1019 magni
2034 939 2347 999 virtuosas
2414 940 2910 1017 complacencias
2974 941 3123 1019 ipsis

560 1042 714 1102 locis
787 1052 852 1103 et
925 1044 1311 1121 temporibus
1387 1045 1819 1125 ingruentibus
1893 1046 2199 1107 exhibitas
2264 1056 2325 1106 et
2382 1048 2716 1125 impensaS,
2796 1057 3120 1125 sperantes

563 1151 760 1211 eciam
826 1152 1083 1212 easdem
1133 1161 1250 1229 aut,
1301 1152 1419 1229 hys
1467 1153 1699 1213 similes
1769 1154 1920 1233 ipsis
1968 1154 2031 1213 in
2092 1154 2367 1235 futurum
2429 1174 2541 1233 per
2608 1156 2893 1229 eundem,
2941 1163 3124 1233 prout

559 1266 822 1333 tenetur,
895 1259 1323 1337 inpendendas
1396 1280 1471 1321 ac
1541 1261 1942 1335 exhibendaS,
2015 1263 2286 1335 eundern
2355 1262 2617 1322 Paulum
2688 1282 2990 1343 magnum
3059 1264 3121 1321 in

558 1366 814 1425 fratrem
863 1385 1079 1426 eorum
1127 1387 1346 1427 verum
1395 1376 1456 1427 et
1487 1369 1874 1448 legittimum,
1925 1370 2305 1449 adoptivum,
2354 1370 2901 1449 generacionalem
2934 1378 3121 1447 atque

561 1473 1114 1534 condivisionalem
1184 1494 1428 1535 necnon
1476 1495 1906 1537 successorem
1980 1476 2257 1555 ipsorum
2302 1476 2591 1537 benivole
2657 1483 2720 1535 et
2780 1476 3120 1536 deliberato

564 1581 770 1640 animo
819 1582 1366 1659 apssumpsissent,
1412 1602 1624 1659 ymmo
1673 1592 2149 1663 assumpserunt
2195 1603 2407 1644 coram
2454 1584 2635 1643 nobis
2683 1582 2889 1643 taliter
2936 1592 2997 1643 et
3044 1603 3119 1643 eo

559 1690 763 1764 mod0,
812 1696 880 1748 ut
924 1689 1043 1768 ipsi
1090 1697 1378 1769 quartam
1423 1698 1666 1769 partem
1713 1691 2283 1765 condivisionalem,
2332 1700 2568 1751 rectam
2616 1701 2678 1751 et
2707 1691 2993 1769 equalem
3041 1692 3119 1751 de

559 1797 866 1857 universis
915 1806 977 1857 et
1023 1798 1285 1878 singulis
1332 1798 1836 1877 possessionibus
1901 1807 1965 1860 et
2032 1799 2429 1877 porcionibus
2478 1798 2988 1878 possessionariis
3057 1799 3119 1857 in

561 1905 784 1964 eadem
831 1905 1198 1982 Lomnycha
1243 1915 1308 1966 et
1353 1907 1507 1967 alias
1554 1906 1758 1967 ubivis
1827 1906 2056 1967 habitis
2104 1916 2167 1967 et
2212 1906 2636 1981 existentibus,
2712 1906 2885 1985 ipsos
2956 1906 3117 1965 iusto

555 2012 705 2071 iuris
751 1992 928 2072 titulo
976 2014 1351 2074 hereditario
1423 2015 1956 2088 concernentibuS,
2030 2015 2145 2073 sub
2217 2013 2398 2073 metis
2456 2021 2518 2074 et
2585 2012 2866 2074 terminis
2931 2012 3117 2071 infra-

553 2120 814 2198 scriptiS,
865 2140 1010 2180 cum
1056 2121 1345 2180 omnibus
1391 2121 1586 2200 ipsius
1635 2132 1855 2201 quarte
1924 2122 2118 2200 partis
2178 2121 2691 2181 condivisionalis
2754 2120 3119 2181 utilitatibus

555 2235 616 2285 et
661 2228 1063 2305 pertinenciis
1111 2229 1438 2303 universiS,
1488 2230 1691 2290 eidem
1737 2231 1934 2290 Paulo
1982 2248 2217 2309 magno
2266 2236 2329 2289 et
2389 2248 2502 2308 per
2548 2246 2693 2289 eum
2754 2228 2883 2287 suis
2940 2227 3133 2315 here--

553 2334 735 2394 dibus
782 2335 1120 2406 dedissent,
1168 2337 1510 2397 donassent
1557 2345 1619 2396 et
1677 2337 2100 2411 contulissent,
2164 2355 2376 2413 ymmo
2438 2336 2760 2410 dederunt,
2807 2336 3118 2395 donarunt

552 2449 615 2500 et
682 2441 1074 2501 contulerunt
1142 2443 1337 2502 nostri
1398 2444 1462 2502 in
1530 2443 1855 2522 presencia
1925 2444 2057 2503 iure
2128 2452 2430 2522 perpetuo
2502 2450 2565 2502 et
2631 2442 3120 2503 irrevocabiliter

554 2550 910 2625 tenendam,
957 2550 1402 2628 possidendam
1448 2552 1680 2630 pariter
1723 2558 1785 2611 et
1833 2551 2206 2621 habendam,
2268 2551 2357 2611 ita
2401 2560 2631 2625 tamen,
2692 2558 2761 2610 ut
2811 2551 2865 2611 si
2912 2550 3117 2629 ipsum

556 2656 820 2715 Paulum
866 2676 1169 2737 magnum
1245 2666 1308 2718 et
1377 2658 1509 2717 eius
1579 2660 1844 2719 heredes
1912 2658 2082 2738 prius
2131 2678 2319 2737 quam
2367 2659 2680 2736 prefatum
2726 2658 3114 2737 Stephanum

557 2764 847 2823 comitem
891 2774 1252 2825 terrestrem
1300 2776 1362 2825 et
1411 2765 1564 2826 alios
1611 2768 2079 2845 prenominatos
2129 2768 2207 2826 ab
2270 2766 2389 2825 hoc
2458 2767 2669 2826 seculo
2732 2766 2990 2845 migrari
3054 2774 3115 2825 et

556 2873 824 2933 deficere
873 2874 1217 2951 contigerit,
1267 2868 1491 2934 extunc
1555 2877 1779 2935 eadem
1843 2882 2068 2954 quarta
2132 2893 2279 2953 pars
2348 2874 2852 2934 condivisionalis
2920 2874 3114 2952 ipsius

554 2980 732 3041 Pauli
780 2982 1012 3062 magni,
1060 3002 1274 3042 rursus
1323 2992 1384 3042 et
1432 3002 1775 3044 econverso
1821 2983 1884 3043 in
1933 2992 1996 3043 et
2058 3001 2247 3060 super
2290 2982 2496 3060 ipsum
2558 2982 2945 3059 Stephanum
3012 2998 3114 3039 co-

556 3088 765 3148 mitem
814 3098 1175 3149 terrestrem
1223 3099 1286 3149 et
1333 3090 1488 3149 alios
1537 3091 2082 3168 supranominatos
2132 3109 2205 3149 ac
2254 3108 2469 3148 eorum
2535 3089 2803 3149 heredes
2850 3088 3113 3147 condes-

554 3197 734 3255 cendi
781 3197 1009 3256 debeat
1056 3204 1118 3257 et
1165 3198 1532 3272 redundari3
1581 3198 1632 3257 si
1683 3206 1892 3258 autern
1939 3197 2107 3276 ipsiS,
2170 3196 2460 3257 videlicet
2504 3196 2824 3274 Stephano
2886 3196 3111 3255 comite

553 3304 828 3364 terrestri
877 3314 938 3365 et
987 3304 1121 3364 aliis
1170 3304 1454 3383 superius
1503 3306 1881 3384 expressatis
1930 3324 2006 3365 ac
2054 3324 2271 3365 eorum
2316 3304 2652 3364 heredibus
2712 3303 2985 3381 premori
3051 3311 3113 3362 et

555 3413 633 3471 ab
681 3413 800 3472 hac
847 3414 984 3472 luce
1032 3412 1203 3491 prius
1250 3432 1440 3491 quam
1508 3413 1787 3491 predicto
1856 3414 2054 3473 Paulo
2124 3432 2359 3491 magno
2430 3419 2492 3471 et
2560 3411 2689 3470 suis
2758 3411 3111 3484 heredibuS,

555 3520 807 3579 omnino
856 3528 918 3580 et
962 3521 1235 3582 totaliter
1280 3522 1588 3581 decedere
1639 3530 1700 3581 et
1747 3522 2017 3582 deficere
2081 3520 2428 3601 contigerit,
2490 3520 2657 3579 nullo
2722 3518 2969 3598 penitus
3033 3537 3109 3577 ex

553 3628 790 3688 eisdem
836 3628 1167 3706 superstite
1215 3629 1360 3688 vivo
1394 3637 1772 3704 remanente,
1803 3638 2030 3688 extunc
2060 3629 2337 3707 predicte
2371 3635 2498 3687 tres
2529 3634 2741 3706 partes
2774 3626 3107 3705 coequales

552 3734 972 3813 predictarum
1025 3737 1496 3815 possessionum
1566 3744 1628 3796 et
1695 3737 2060 3816 porcionum
2128 3735 2764 3814 possessionariarum
2834 3733 3110 3811 ipsorum

554 3842 788 3903 scilicet
832 3843 1136 3921 Stephani
1183 3844 1425 3903 comitis
1472 3844 1782 3904 terrestris
1831 3853 1892 3904 et
1941 3842 2206 3904 aliorum
2255 3862 2445 3922 supra
2494 3848 2999 3920 expressatorum
3047 3848 3110 3900 et

555 3949 1075 4009 condivisionales
1123 3970 1394 4010 unacum
1440 3950 1684 4031 prefata
1712 3962 1933 4031 quarta
1970 3958 2148 4029 parte
2182 3949 2651 4011 condivisionali
2684 3967 2872 4027 super
2904 3946 3109 4026 ipsum

551 4058 818 4116 Paulum
886 4077 1187 4137 magnum
1256 4067 1317 4117 et
1363 4057 1629 4119 heredes
1702 4060 1985 4119 eiusdem
2057 4058 2305 4119 devolvi
2375 4058 2647 4118 debeant
2716 4064 2779 4115 et
2847 4056 3107 4115 condes·

552 4163 734 4225 cendi
781 4164 917 4244 ipso
965 4164 1149 4239 fact0,
1199 4173 1591 4225 assumentes
1617 4167 1838 4226 eedem
1869 4175 2082 4245 partes
2113 4164 2544 4225 nichilominus
2575 4164 2801 4223 amodo
2834 4162 2897 4223 in
2922 4171 3109 4223 antea

549 4273 864 4351 perpetuis
911 4273 1295 4351 temporibus
1343 4292 1484 4333 sese
1517 4283 1733 4334 mutua
1765 4274 2190 4335 vicissitudine
2224 4292 2349 4332 una
2399 4274 2658 4332 alteram
2691 4272 2753 4331 in
2784 4269 3105 4350 premissis

550 4387 766 4438 contra
812 4379 1120 4459 quoslibet
1167 4380 1544 4460 illegittimos
1591 4381 1951 4459 inpetitores
2002 4390 2188 4460 atque
2256 4380 2709 4454 molestatoreS,
2779 4379 2972 4440 nostri
3045 4377 3105 4436 in

550 4486 894 4563 presencia,
941 4488 1100 4547 tueri
1149 4496 1211 4547 et
1257 4488 1584 4548 defensare
1633 4489 1761 4549 suis
1808 4489 2074 4568 propriis
2121 4489 2436 4549 laboribus
2485 4496 2547 4548 et
2594 4487 2901 4565 expensiS,
2951 4485 3105 4546 anti-

551 4613 834 4672 quasque
881 4594 1117 4655 litteras
1164 4595 1397 4674 pariter
1443 4605 1504 4657 et
1549 4616 1748 4657 novas
1797 4598 2126 4658 universas
2172 4616 2286 4675 pro
2331 4605 2508 4675 parte
2573 4596 2847 4655 cuiusvis
2894 4593 3103 4654 condi·

549 4701 932 4762 visionaliter
975 4703 1100 4763 iam
1149 4703 1466 4764 confectas
1531 4712 1594 4764 et
1656 4714 1981 4765 emanatas
2046 4724 2159 4764 seu
2218 4704 2281 4763 in
2339 4704 2614 4763 futurum
2684 4702 3104 4763 conficiendas

549 4817 612 4869 et
658 4810 1062 4884 emanandaS,
1119 4811 1181 4869 in
1245 4812 1623 4871 contrarium
1682 4812 2077 4889 presencium
2139 4830 2252 4889 per
2298 4812 2653 4891 quempiam
2703 4809 3103 4883 exhibendaS,

555 4934 787 4989 cassas
833 4924 1112 4977 mortuas
1161 4925 1223 4977 et
1268 4918 1488 4978 inanes
1536 4920 1981 4980 commiserunt
2026 4928 2237 4998 partes
2284 4926 2629 4997 prenotate,
2678 4926 2741 4977 et
2788 4936 2902 4976 nos
2950 4936 3103 4976 una-
