3917 5592
2958 421 3089 495 345

529 641 876 722 occidente,
919 655 982 708 et
1003 677 1006 682 ·
1027 640 1187 707 inter
1228 623 1580 708 'sessionem
1601 641 2057 726 ‘qu‘artaliciam
2099 644 2655 709 alterius-domine
2679 648 3086 729 Margarethe

527 755 650 814 filie
720 755 988 816 condam
1051 755 1230 815 Pauli
1289 754 1398 814 filii
1457 755 1683 833 prefati
1749 755 2093 830 Benedicti,
2140 756 2248 815 filii
2292 756 2488 835 ipsius
2536 756 2680 831 Ielk,
2728 765 2893 815 nun'c
2942 775 3086 815 con-

531 862 714 921 sortis
760 862 1061 942 legittime
1110 862 1351 922 Thome
1397 861 1505 922 filii
1550 862 1863 923 Valentini
1908 862 2017 923 filii
2044 864 2311 923 condam
2358 863 2618 923 Fabiani
2666 863 2772 923 filii
2814 865 2962 922 Wlk
3010 863 3087 922 de

530 969 811 1048 predicta
857 970 1150 1046 Rakarya
1197 969 1276 1028 ob
1310 969 1580 1045 oriente,
1629 977 1692 1036 et
1736 970 1896 1030 inter
1941 969 2292 1049 predictum
2338 970 2597 1030 fluvium
2644 964 2953 1048 Rakary‘a'
2976 989 3083 1029 vo-

532 1083 742 1136 catum
807 1095 846 1136 a
909 1075 1370 1155 septemtrione,
1434 1083 1497 1137 et
1556 1076 1716 1137 inter
1776 1086 2008 1138 terram
2072 1077 2353 1138 similiter
2416 1077 2845 1157 quartaliciam
2892 1078 3087 1156 ipsius

531 1185 778 1244 domine
827 1163 1232 1266 Margarethe
1280 1185 1402 1245 filie
1449 1184 1596 1245 dicti
1643 1185 1838 1260 Pauli,
1903 1186 2140 1247 scilicet
2204 1205 2243 1246 a
2288 1185 2633 1246 meridione
2701 1185 2979 1246 habitam
3027 1194 3090 1246 et

532 1291 915 1366 existentem,
978 1300 1106 1352 tres
1169 1292 1589 1352 dimensiones
1636 1293 1804 1372 wlgo
1853 1293 2066 1370 methy
2131 1292 2331 1353 dictas
2392 1293 2457 1352 in
2518 1312 2587 1353 se
2650 1281 3087 1366 continentem,

525 1400 734 1478 ipsam
781 1377 1015 1460 scilicet
1045 1400 1363 1460 dominam
1396 1400 1660 1461 Elenam
1691 1420 1728 1461 a
1760 1401 2003 1479 prefato
2036 1402 2306 1461 condam
2337 1401 2677 1462 Benedicto
2725 1401 2851 1460 filio
2894 1400 3087 1478 ipsius

530 1507 675 1581 Ielk,
723 1507 854 1566 iure
901 1507 1236 1568 nobilitatis
1283 1508 1658 1569 hereditario
1683 1514 1786 1578 fet*
1816 1509 2145 1568 statutorio
2193 1507 2554 1569 litteratorie
2588 1514 3087 1581 concernentem‚

534 1614 714 1672 simul
762 1633 903 1673 cum
950 1615 1239 1675 omnibus
1271 1615 1464 1695 ipsius
1493 1616 1793 1676 sessionis
1832 1615 2017 1675 trium
2050 1615 2507 1676 dimensionum
2539 1617 2752 1694 methy
2785 1615 3091 1675 dictarum

531 1720 911 1797 utilitatibus,
976 1721 1229 1796 iuribus,
1257 1733 1266 1736 “
1291 1722 1506 1782 usibus
1569 1730 1631 1783 et
1691 1723 2089 1801 pertinenciis
2152 1723 2478 1796 universiS,
2528 1722 2768 1801 prefate
2839 1723 3090 1782 domine

533 1829 940 1908 Margarethe
969 1829 1110 1909 ,filie
1157 1830 1380 1908 prefati
1426 1830 1622 1905 Pauli,
1669 1828 1877 1890 fratris
1944 1830 2075 1889 suis
2122 1829 2405 1904 camaliS,
2454 1848 2529 1889 ac
2575 1848 2689 1907 per
2736 1848 2879 1890 eam
2924 1829 3089 1890 dicto

534 1937 777 1997 Thorne
809 1937 943 1996 viro
973 1936 1278 2017 legittimo
1312 1937 1592 1998 eiusdem
1621 1937 1873 1997 domine
1921 1937 2347 2017 Margarethe,
2394 1955 2507 2014 per
2532 1954 2766 2015 eosque
2813 1936 3091 2014 ipsorum

532 2045 884 2120 heredibuS,
932 2064 1045 2124 pro
1093 2045 1288 2106 tribus
1334 2045 1586 2105 florenis
1619 2045 1770 2119 auri,
1818 2063 1932 2123 per
1965 2044 2221 2116 eosdem
2253 2044 2569 2130 dominam
2615 2044 3088 2124 Margaretham

533 2161 595 2212 et
643 2153 951 2214 Thomam
999 2153 1202 2213 virum
1248 2173 1448 2226 suum,
1494 2153 1736 2232 prefate
1782 2153 2033 2213 domine
2079 2153 2294 2228 Elene,
2341 2160 2409 2211 ut
2454 2153 2722 2231 ipsamet
2764 2153 2945 2212 nobis
2992 2171 3085 2212 re-

533 2261 684 2335 tulit,
732 2261 856 2322 iam
903 2262 1086 2340 plene
1132 2261 1464 2339 persolutis
1511 2239 1911 2335 vendidisset,
1973 2280 2183 2338 ymmo
2233 2279 2310 2320 ex
2357 2279 2667 2320 consensu
2717 2266 2778 2320 et
2831 2260 3086 2339 permis-

536 2368 712 2429 sione
759 2368 1076 2428 Ambrosii
1107 2369 1254 2429 dicti
1287 2368 1528 2445 Budya,
1575 2366 1682 2428 filii
1728 2368 1950 2428 nobilis
1986 2369 2252 2429 condam
2284 2366 2534 2429 domine
2583 2366 2862 2428 similiter
2892 2368 3089 2427 Elena

536 2484 777 2550 vocate,
843 2475 967 2536 filie
1030 2476 1309 2536 similiter
1372 2475 1568 2553 ipsius
1631 2475 1898 2536 condam
1958 2474 2282 2535 Benedicti
2334 2475 2441 2535 filii
2510 2474 2735 2553 prefati
2795 2474 2939 2548 Ielk,
2988 2493 3085 2534 so-

533 2584 689 2643 roris
737 2583 976 2643 uterine
1037 2591 1101 2644 et
1147 2583 1414 2642 carnalis
1469 2582 1664 2661 ipsius
1729 2583 1979 2646 domine
2036 2583 2231 2643 Elene
2280 2602 2356 2643 ac
2402 2583 2663 2659 Mathye
2726 2589 2788 2643 et
2833 2581 3087 2642 Andree

531 2691 796 2750 filiorum
846 2690 1126 2750 eiusdem
1172 2689 1488 2750 Ambrosii
1534 2691 1758 2767 Budya
1821 2689 1985 2765 dicti,
2052 2709 2128 2750 ac
2174 2708 2252 2750 ex
2300 2707 2610 2751 consensu
2638 2697 2721 2749 'et
2767 2681 3085 2750 voluntate

533 2797 724 2858 Blasii
795 2806 857 2859 et
921 2799 1089 2859 Petri
1148 2816 1222 2858 ac
1290 2798 1551 2876 Mathye
1618 2798 1882 2858 filiorum
1947 2799 2215 2878 condam
2278 2796 2585 2878 Gregorii,
2656 2797 2824 2874 olym
2884 2797 3087 2856 fratris

534 2905 796 2967 senioris
843 2906 1036 2986 ipsius
1083 2907 1400 2967 Ambrosii
1445 2907 1670 2983 Budya
1717 2916 1780 2966 et
1822 2905 1991 2966 Petri
2037 2906 2145 2966 filii
2192 2907 2460 2966 condam
2507 2905 2835 2980 Valentini,
2882 2907 3087 2965 {ratris

532 3014 699 3091 olym
746 3014 1002 3074 iunioris
1048 3014 1328 3075 eiusdem
1362 3013 1675 3074 Ambrosii
1722 3014 1962 3091 Budya,
1991 3013 2272 3076 vendidit
2299 3032 2513 3074 coram
2542 3013 2723 3073 nobis
2767 3012 2902 3073 iure
2947 3031 3086 3092 per·

531 3130 721 3200 petuo
770 3131 833 3183 et
877 3122 1366 3183 irrevocabiliter
1427 3121 1891 3201 possidendam,
1936 3124 2277 3183 tenendam
2337 3122 2571 3200 pariter
2623 3129 2687 3182 et
2730 3121 3086 3182 habendam

533 3247 608 3288 ac
653 3229 824 3288 iuxta
872 3215 1072 3309 regni
1098 3229 1612 3290 consvetudinem
1658 3230 2223 3309 quomodocunque
2270 3229 2535 3299 voluerit
2595 3228 3083 3308 disponendam;

534 3336 820 3415 antiquas
867 3356 1115 3416 quoque
1161 3337 1398 3396 litteras
1445 3337 1789 3411 universaS‚
1836 3313 2072 3397 facturn
2104 3337 2267 3400 dicte
2300 3336 2598 3399 sessionis
2630 3337 2817 3396 trium
2847 3337 3083 3400 dimen-

531 3443 776 3503 sionum
822 3445 1212 3504 solummodo
1259 3451 1611 3524 tangenteS,
1657 3464 1781 3523 que
1827 3445 2223 3522 presentibus
2268 3445 2471 3506 forent
2532 3444 2857 3519 contrarie,
2921 3444 2975 3504 si
3020 3444 3083 3503 in

532 3547 910 3612 contrarium
955 3551 1353 3630 presencium
1397 3571 1511 3631 per
1557 3551 1915 3631 quempiam
1964 3553 2026 3612 in
2056 3553 2261 3613 lucem
2306 3552 2814 3631 producerentur,
2862 3553 3084 3612 eadem

531 3659 784 3720 domina
827 3661 1028 3720 Elena
1075 3677 1292 3720 cassas
1341 3668 1403 3720 et
1447 3668 1727 3720 mortuas
1775 3678 1850 3719 ac
1897 3660 2133 3720 viribus
2180 3660 2485 3720 carituras
2532 3659 2839 3720 commisit
2899 3667 2962 3720 et
2989 3678 3085 3721 re·

529 3767 707 3846 liquit
752 3787 963 3827 coram
1011 3767 1225 3841 nobis;
1273 3768 1636 3828 assummsit
1681 3767 1936 3846 insuper
1980 3767 2262 3846 predicta
2309 3767 2562 3828 domina
2607 3767 2803 3827 Elena
2851 3767 2911 3826 in
2945 3786 3083 3846 per-

531 3875 701 3935 sonis
750 3895 1014 3954 quorum
1061 3894 1270 3954 supra,
1316 3875 1661 3954 predictam
1693 3876 2168 3956 Margaretham
2194 3876 2407 3946 ,filiam
2434 3875 2629 3954 ipsius
2658 3874 2837 3936 Pauli
2868 3894 2944 3935 ac
2974 3894 3087 3953 per

531 4001 672 4044 eam
718 3982 1029 4061 prefatum
1077 3983 1388 4042 Thomam
1435 3983 1634 4042 virum
1682 4002 1864 4042 suurn
1915 3991 1978 4042 et
2023 3983 2297 4061 ipsorum
2361 3984 2646 4059 heredeS,
2702 3982 2765 4042 in
2813 3981 3084 4042 dominio

530 4089 713 4160 dicte,
752 4090 1049 4150 sessionis
1111 4090 1297 4152 trium
1359 4089 1816 4150 dimensionum
1880 4091 2092 4167 methy
2140 4090 2463 4166 dictarum,
2513 4099 2731 4151 contra
2777 4090 3086 4169 quoslibet

528 4196 906 4278 illegittimos
977 4197 1354 4276 inpetitoreS,
1423 4198 1891 4276 perturbatores
1955 4207 2018 4258 et
2076 4198 2509 4259 molestatores
2577 4217 2653 4258 ac
2707 4197 3084 4276 inpeditores

528 4305 788 4383 pacifice
836 4305 1010 4379 tueri,
1059 4313 1392 4385 protegere
1425 4313 1489 4365 et
1518 4304 1852 4366 defendere
1888 4305 2019 4365 suis
2047 4306 2319 4384 propriis·
2353 4306 2717 4385 sumptibuS,
2766 4304 3081 4368 laboribus

530 4421 591 4472 et
638 4413 943 4492 expensis,
993 4415 1060 4473 In
1109 4413 1285 4473 cuius
1333 4411 1422 4474 rei
1469 4413 1832 4474 memoriam
1883 4422 2071 4493 atque
2132 4414 2555 4474 testimonium
2619 4423 2682 4474 et
2726 4414 3081 4474 firmitatem

527 4527 911 4599 perpetuam,
958 4521 1352 4598 presentibus
1399 4521 1616 4581 litteris
1661 4521 2153 4602 privilegialibus
2201 4521 2473 4602 sigillum
2518 4530 2803 4582 nostrum
2834 4522 3081 4582 solitum

527 4627 814 4688 duximus
864 4628 1364 4706 appendendum.
1413 4629 1644 4688 Datum
1690 4629 2023 4710 Zagrabie,
2069 4629 2226 4690 feria
2273 4629 2551 4690 secunda
2613 4630 2893 4708 proxima
2940 4639 3082 4708 post

524 4741 752 4796 testum
802 4743 1161 4796 sanctorum
1207 4736 1348 4809 Viti,
1396 4736 1669 4796 Modesti
1716 4744 1779 4797 et
1824 4737 2201 4799 Crescencie
2248 4737 2588 4812 martirum,
2636 4756 2800 4796 anno
2849 4737 3080 4796 domini

523 4845 848 4906 millesimo
894 4844 1509 4925 quadringentesimo
1555 4844 2078 4926 quinquagesimo
2125 4845 2355 4926 quinto,
