3917 5592
3001 456 3077 518 17

525 680 814 731 vretenos
863 672 940 731 de
973 679 1138 731 terra
1189 692 1304 731 sua
1337 672 1694 732 uendidisse
1745 671 1952 731 comiti
1986 671 2289 731 Mirozlao
2336 679 2639 749 perpetuo
2672 672 3086 750 possidendos

523 798 635 856 pro
701 778 1055 857 quindecim
1125 778 1336 857 pensis
1396 780 1795 839 denariorum
1864 778 2403 859 Zagrabiensium,
2452 798 2608 857 quas
2672 798 2740 839 se
2804 780 3091 839 dixerunt

526 886 602 945 ab
653 886 876 946 eodem
918 887 1194 964 plenarie
1243 887 1573 965 recepisse,
1622 888 1706 945 ita
1740 895 1969 960 tamen,
2017 887 2185 964 quod
2216 886 2386 965 ipsos
2436 886 2764 945 duodecim
2798 894 3088 946 vretenos

530 1003 693 1053 terre
766 994 1053 1053 dixerunt
1101 1014 1241 1054 esse
1308 996 1467 1055 inter
1530 988 2061 1073 inpignoratores¹
2108 994 2263 1054 alios
2311 994 2640 1055 duodecim
2687 1004 2978 1055 vretenos
3027 1003 3088 1053 et

525 1102 682 1161 inter
729 1110 958 1161 terram
1031 1104 1335 1162 Raduhne
1387 1124 1460 1162 ex
1512 1105 1708 1162 altera
1770 1111 1965 1180 parte,
2016 1112 2077 1161 et
2125 1102 2293 1180 quod
2340 1122 2465 1161 una
2511 1102 2652 1161 finis
2700 1101 2999 1179 incipiens
3050 1122 3086 1161 a

523 1210 713 1268 fluuio
781 1208 952 1269 Odre
1022 1212 1308 1269 tenderet
1354 1210 1414 1269 in
1463 1210 1804 1288 planiciosa
1876 1218 2043 1269 terra
2092 1210 2173 1269 ad
2230 1218 2457 1270 terram
2532 1210 2765 1269 domini
2831 1198 2993 1269 bani
3026 1196 3104 1268 et*

525 1317 683 1375 inter
727 1317 844 1376 hec
892 1318 974 1376 illi
1022 1318 1353 1377 duodecim
1403 1326 1660 1394 vreteny
1699 1294 1946 1377 'uenditi
1995 1317 2282 1377 dicuntur
2330 1317 2645 1376 contineri.
2742 1316 3087 1376 Astiterunt

527 1424 726 1485 eciam
773 1425 996 1485 fratres
1031 1426 1422 1508 uenditorum
1469 1426 1750 1503 Sylbunk
1800 1434 1862 1486 et
1892 1428 2131 1503 Stepan
2177 1426 2583 1503 asse[re]ntes
2615 1425 2881 1485 eandem
2928 1444 3076 1484 uen-

525 1532 830 1592 dicionem
879 1552 953 1592 ex
999 1552 1313 1593 consensu
1343 1542 1405 1593 et
1435 1533 1811 1593 admissione
1859 1534 2052 1593 fuisse
2100 1534 2375 1611 ipsorum
2425 1532 2817 1592 celebratam.
2854 1533 3085 1591 Datum

525 1658 688 1699 anno
737 1640 970 1700 domini
1017 1635 1459 1701 M⁰.CC⁰.LX⁰.

737 1779 780 1831 Ε
813 1781 1168 1848 transumpto
1209 1778 1468 1849 originali
1506 1780 1750 1834 Rolandi
1787 1780 1922 1834 bani
1960 1796 2011 1833 a.
2054 1778 2207 1833 1265.
2248 1778 2333 1832 25.
2372 1778 2713 1834 novembris.
2750 1780 2816 1832 ln
2852 1778 3086 1833 archivo

525 1866 678 1936 regni
717 1868 1052 1939 Hungariae‚
1111 1869 1507 1938 Budapestini:
1567 1868 1635 1923 M.
1677 1866 1740 1923 Ο.
1779 1868 1842 1923 D.
1881 1868 1937 1921 L.
1997 1867 2208 1937 32986,
2266 1867 2403 1921 olim
2462 1866 2527 1923 N.
2566 1868 2631 1922 R.
2670 1869 2732 1923 A.
2794 1868 2927 1922 fasc.
2967 1866 3087 1921 135.

523 1956 623 2011 No.
664 1955 748 2012 18.
787 1986 854 1997 —
895 1957 1244 2027 Kukuljevie,
1299 1958 1554 2028 Regesta.
1594 1958 1698 2012 No.
1738 1957 1857 2012 797.

747 2122 759 2149 “
799 2121 896 2175 sic.

1742 2407 1783 2474 1
1797 2407 1880 2474 4.

737 2538 921 2624 Anno
981 2536 1001 2596 l
1017 2535 1163 2597 264.

529 2731 698 2795 Bata
745 2730 790 2794 I
801 2731 868 2796 V.
939 2731 1363 2816 Hungariae
1409 2735 1528 2795 etc.
1589 2752 1728 2808 rex,
1798 2731 2311 2795 restitutionem
2378 2732 2605 2794 terrae
2658 2730 2906 2806 Odrae,
2970 2735 3099 2814 per

815 2838 1073 2904 hanam
1123 2838 1554 2923 Stephanum
1590 2837 1782 2923 filiis
1827 2838 2059 2902 Kurla
2089 2836 2385 2923 factam,
2436 2838 2825 2922 confirmat.

739 3040 895 3098 Bela
957 3038 1057 3098 dei
1103 3039 1323 3117 gracia
1391 3037 1734 3118 Hungarie‚
1770 3037 2143 3111 .Dalmacie,
2218 3038 2502 3111 Croacie,
2575 3040 2789 3111 Rame,
2858 3037 3094 3111 Seruie,

529 3148 802 3221 Gallicie,
873 3146 1244 3205 Lodomerie
1293 3146 1726 3225 Cumanieque
1785 3166 1890 3205 rex
1938 3147 2225 3205 omnibus
2288 3154 2417 3205 tam
2466 3145 2858 3223 presentibus
2906 3164 3095 3229 quam

525 3255 746 3314 futuris
794 3254 1031 3314 litteras
1081 3262 1404 3331 presentes
1451 3254 1823 3331 inspecturis
1865 3255 2131 3313 salutem
2180 3255 2241 3316 in
2290 3254 2567 3313 omnium
2616 3255 2945 3313 saluatore.
2994 3252 3097 3312 Ad

527 3362 958 3421 uniuersorum
1030 3360 1323 3419 noticiam
1392 3370 1608 3420 tenore
1680 3362 2074 3438 presencium
2139 3362 2426 3420 uolumus
2495 3360 2841 3438 peruenire,
2927 3361 3096 3438 quod

525 3469 838 3546 W'ylkina,
886 3469 1072 3527 Mark
1105 3476 1168 3527 et
1197 3468 1402 3527 Miren
1447 3468 1556 3528 filii
1589 3469 1782 3527 Kurla
1821 3470 1899 3528 ad
1931 3478 2213 3529 nostram
2261 3470 2631 3529 accedentes
2680 3467 3091 3547 presenciam,

526 3577 878 3637 obtulerunt
923 3575 1103 3635 nobis
1137 3576 1374 3635 litteras
1422 3576 1724 3654 Stephani
1757 3577 1906 3635 bani
1951 3576 2151 3636 tocius
2184 3576 2533 3650 Sclauonie,
2581 3577 2745 3635 bone
2771 3574 3089 3648 memorie,

527 3685 962 3764 supplicanteS,
991 3693 1060 3744 ut
1085 3685 1340 3744 easdem
1365 3693 1577 3744 nostro
1604 3685 2008 3764 dignaremur
2032 3685 2359 3764 priuilegio
2386 3685 2773 3743 confirmare.
2809 3685 3094 3761 Quarum

526 3793 776 3872 quidem
843 3792 1186 3852 litterarum
1233 3800 1410 3851 tenor
1455 3793 1595 3851 talis
1644 3802 1767 3852 est:
1835 3794 1912 3868 (V
1937 3793 2083 3851 ide
2139 3794 2179 3852 d
2206 3814 2242 3851 o
2269 3813 2319 3852 c.
2388 3812 2439 3851 a.
2508 3789 2690 3851 1249.
2742 3812 2771 3851 s
2799 3792 2905 3850 ub
2978 3791 3095 3865 Nc,

524 3899 626 3977 6.).
701 3901 834 3960 Nos
881 3901 1070 3980 igitur
1143 3900 1422 3978 ipsorum
1486 3901 1774 3978 precibus
1824 3901 2097 3960 inclinati
2160 3901 2418 3961 easdem
2476 3901 2711 3959 litteras
2760 3901 2839 3960 de
2901 3899 3095 3959 uerbo

526 4010 606 4069 ad
652 4009 916 4068 uerbum
962 4008 1355 4086 presentibus
1419 4008 1702 4083 insertam,
1761 4009 1912 4086 ipsis
1959 4009 2023 4067 in
2070 4009 2469 4087 possessione
2517 4017 2679 4067 terre
2744 4015 3088 4066 memorate

525 4126 709 4193 prout
774 4116 1131 4176 referebant
1199 4116 1566 4191 constitutis,
1629 4115 1958 4176 autoritate
2034 4117 2427 4195 presencium
2477 4116 2935 4174 confirmamus
3028 4114 3097 4173 In

525 4224 699 4284 cuius
748 4224 838 4285 rei
906 4223 1274 4283 memoriam
1322 4232 1385 4285 et
1430 4230 1798 4301 perpetuam
1855 4224 2227 4299 firmitatem,
2278 4232 2601 4301 presentes
2660 4223 2945 4282 dedimus
2992 4222 3085 4281 lit-

523 4340 692 4391 teras
741 4331 1046 4409 dupplicis
1093 4330 1279 4411 sigilli
1346 4331 1541 4391 nostri
1587 4332 1926 4391 munimine
1997 4332 2339 4392 roboratas,¹
2432 4332 2663 4391 Datum
2712 4351 2824 4409 per
2872 4350 3095 4389 manus

530 4439 813 4519 magistri
859 4440 908 4498 F
913 4438 1138 4498 arcasii
1187 4438 1367 4499 electi
1414 4439 1724 4513 AlbensiS,
1795 4439 1934 4499 aule
1983 4449 2193 4499 nostre
2242 4438 2737 4500 vicecancellarii
2786 4438 2990 4497 dilecti
3039 4444 3101 4496 et

526 4546 725 4607 fidelis
773 4546 986 4621 nostri,
1036 4566 1202 4607 anno
1251 4547 1484 4631 domini
1531 4540 1811 4607 M⁰.CC⁰.
1861 4548 2261 4627 sexagesimo
2309 4556 2548 4625 quarto,

746 4684 1029 4755 Originale
1067 4687 1512 4741 membraneum.
1557 4686 1848 4756 Dependet
1884 4688 2071 4741 solum
2110 4702 2257 4741 zona
2294 4686 2509 4741 sericea
2545 4684 2697 4738 rubri
2738 4686 2793 4737 et
2830 4682 2961 4737 ssavi
3004 4699 3096 4762 co-

533 4776 686 4844 loris,
737 4775 982 4845 sigillum
1021 4775 1202 4845 periit.
1276 4775 1340 4830 ln
1377 4776 1611 4831 archivo
1667 4777 1856 4832 accad.
1895 4775 2092 4835 scient.
2152 4776 2369 4834 Slavor.
2410 4774 2608 4831 merid.
2665 4771 2987 4841 Zagrabiae.
3030 4800 3095 4809 -

521 4864 872 4941 Kukuljevic,
928 4865 1186 4943 Regesta.
1227 4866 1328 4925 No,
1367 4864 1488 4925 580.
