3917 5592
2989 482 3113 547 143

549 711 790 773 Nicolai
838 712 917 771 de
963 711 1256 790 Nezpesa
1303 710 1437 769 sive
1484 709 1831 789 Georgium
1876 707 2071 769 filium
2117 705 2326 768 Iacobi
2373 726 2486 767 seu
2518 703 2891 783 Dyonisium
2921 701 3114 763 filium

550 819 847 880 Anthonii
911 820 990 879 de
1052 819 1357 879 Morocha
1417 838 1531 897 pro
1594 825 1772 898 parte
1834 816 2259 897 praefatorum
2308 823 2607 888 actorum,
2654 813 2804 873 item
2850 813 3112 873 Paulum

549 927 743 987 filium
813 926 1070 987 Chemk
1122 926 1225 984 vel
1286 924 1541 985 Petrum
1605 923 1801 983 filium
1868 922 2128 1003 Georgii
2175 940 2258 982 an
2309 920 2630 983 Andream
2676 919 2872 980 filium
2917 918 3113 995 Phyle

550 1055 663 1096 seu
710 1035 965 1095 Petrum
1010 1032 1205 1093 filium
1252 1031 1495 1091 Nicolai
1542 1030 1620 1091 de
1668 1029 1915 1111 Campo
1962 1030 2375 1111 Zagrabiensi
2405 1049 2520 1110 pro
2551 1037 2728 1109 parte
2761 1028 2822 1087 in
2855 1046 3114 1087 causam

550 1148 973 1215 attractorum,
1020 1146 1223 1199 metas
1269 1146 1399 1199 tarn
1447 1138 1863 1217 possessionis
1934 1138 2224 1198 Hrascha
2272 1156 2460 1217 quam
2509 1146 2573 1197 et
2618 1136 2868 1213 Oresya
2911 1152 3113 1195 ream·

548 1249 783 1323 balare,
830 1255 1035 1308 metas
1082 1246 1476 1327 consignare,
1523 1246 1661 1305 iura
1722 1244 2220 1325 possessionaria
2267 1244 2546 1323 partibus
2594 1242 3114 1306 concordantibus

550 1362 613 1416 et
657 1354 775 1415 sibi
839 1354 1108 1416 invicem
1169 1372 1296 1413 non
1364 1350 1934 1414 contradicentibus
1997 1360 2289 1428 statuere,
2353 1371 2430 1414 ac
2490 1350 2716 1415 seriem
2761 1352 2984 1413 harum
3031 1349 3112 1411 ad

547 1469 807 1523 octavas
854 1461 995 1523 festi
1040 1460 1533 1541 Epiphaniamm
1578 1460 1697 1521 sibi
1741 1459 2105 1535 rescribere,
2152 1459 2426 1521 mandat.

760 1620 1001 1675 Ioannes
1038 1617 1280 1689 Tkaleie,
1321 1618 1467 1674 Mon.
1507 1618 1636 1673 hist.
1675 1617 1826 1673 civit.
1866 1615 2175 1687 Zagrabiae
2231 1617 2270 1671 1.
2308 1633 2362 1686 p.
2399 1615 2522 1672 364.
2550 1644 2612 1655 -
2639 1614 2924 1685 Originale
2950 1616 3109 1669 char-

548 1714 787 1767 taceum.
827 1710 887 1789 A*
914 1712 1068 1781 tergo
1107 1708 1363 1783 appi-essi
1401 1708 1569 1793 sigilli
1607 1706 1923 1780 vestigium.
1962 1708 2029 1763 111
2063 1706 2502 1763 archivo'sscivik.
2525 1704 2850 1777 Zagrabiae.

1730 2016 1767 2081 1
1790 2011 1940 2101 so.

758 2214 940 2275 Anno
999 2211 1181 2274 1395.
1232 2212 1334 2274 22.
1383 2212 1757 2273 novembris

748 2412 1108 2492 Capitulum
1141 2410 1445 2471 ecclesiae
1493 2406 1940 2491 Zagrabiensis
1973 2410 2141 2470 bano
2171 2410 2548 2490 Sclauoniae
2582 2410 2834 2471 Detrico
2867 2409 3106 2483 Bubek,

536 2522 714 2581 iuxta
762 2520 1045 2580 eiusdem
1120 2518 1484 2579 mandatum
1532 2538 1645 2597 pro
1712 2526 1893 2597 parte
1965 2518 2192 2579 civium
2262 2504 2822 2599 Montisgre'c'ensis
2891 2524 3109 2579 contra

540 2628 909 2689 Ladizlaum
954 2627 1149 2717 tilium
1196 2626 1525 2701 Valentini,
1558 2626 1821 2686 Paulum
1860 2627 2065 2687 'filium
2112 2626 2298 2702 Petri,
2330 2627 2660 2688 Nicolaum
2697 2627 2890 2687 filium
2919 2626 3106 2686 Nouk

549 2744 612 2796 et
658 2734 1028 2813 Dyonisiurn
1074 2734 1267 2795 filium
1314 2734 1483 2793 Petri
1531 2742 1907 2809 emanatum‚
1957 2732 2161 2809 refert,
2217 2736 2385 2815 quod
2417 2754 2686 2796 unacum
2741 2734 2937 2795 Paulo
2983 2732 3108 2793 filio

536 2844 796 2921 Mathey
844 2843 923 2903 de
969 2842 1311 2920 Mykulich,
1386 2842 1757 2923 magistrum
1803 2844 1976 2903 Iwan
2025 2844 2103 2903 de
2150 2842 2500 2904 Maroucha
2559 2843 2947 2916 canonicum,
2993 2858 3106 2921 pro

541 2958 717 3029 parte
767 2957 1065 3025 actorum,
1113 2969 1187 3010 ac
1228 2968 1372 3009 cum
1401 2950 1599 3010 Paulo
1630 2949 1757 3010 filio
1788 2948 2045 3010 Chernk
2078 2951 2156 3010 de
2189 2950 2434 3030 Campo
2466 2950 2879 3033 Zagrabiensi
2910 2936 3105 3011 horni-

538 3057 723 3117 nibus
768 3055 932 3132 bani,
981 3055 1351 3136 magistrum
1382 3056 1691 3117 Thomam
1723 3050 2110 3132 canonicum,
2142 3077 2256 3136 pro
2286 3052 2462 3136 parte
2495 3058 2556 3117 in
2589 3076 2848 3119 causam
2881 3056 3106 3117 attrac-

542 3174 765 3240 torum,
789 3164 1144 3225 hominibus
1168 3164 1314 3240 suiS,
1342 3166 1425 3225 ad
1446 3166 1821 3226 revidendas
1845 3172 2049 3228 metas
2080 3166 2495 3245 possessionis
2515 3162 2748 3227 'citrium
2772 3163 3108 3228 Petrouin'a

545 3278 826 3345 vocatae,
876 3290 951 3331 ac
998 3271 1414 3351 possessionis
1460 3271 1523 3331 in
1572 3290 1827 3332 causam
1876 3279 2283 3334 attractorum
2327 3275 2695 3352 Lomnycha
2742 3274 2946 3335 dictae
2993 3273 3105 3333 mi·

544 3377 788 3455 sissent,
835 3379 943 3459 qui
988 3378 1257 3459 primurn
1303 3386 1505 3439 metas
1536 3379 1951 3458 possessionis
1988 3381 2381 3457 Petrouinae,
2412 3400 2452 3442 a
2483 3390 2660 3460 parte
2690 3379 3106 3460 possessionis

540 3488 905 3566 Lomnycha
938 3488 1452 3562 reambulassent,
1486 3487 1601 3547 sed
1632 3506 1774 3548 cum
1798 3497 2000 3549 metas
2027 3490 2224 3569 figere
2259 3498 2322 3550 et
2352 3489 2531 3551 dictis
2564 3489 2878 3550 actoribus
2906 3488 3104 3569 possi-

544 3595 815 3667 dendam
863 3602 1137 3656 statuere
1185 3594 1546 3669 voluissent,
1576 3595 1840 3674 praefati
1886 3596 1947 3656 in
1997 3615 2257 3657 causam
2290 3596 2536 3657 attracti
2569 3595 3103 3670 contradixissent,

536 3702 831 3776 dicenteS‚
894 3703 1063 3781 quod
1124 3702 1461 3762 maximam
1525 3702 1891 3781 particulam
1954 3711 2161 3766 terrae
2209 3704 2486 3783 ipsorum
2535 3705 2616 3765 ad
2676 3703 3104 3780 Lomnycham

534 3816 923 3888 spectantem
970 3809 1175 3869 iidem·
1206 3816 1449 3869 actores
1499 3817 1917 3887 occupassent
1962 3819 2026 3877 et
2073 3812 2156 3871 ad
2212 3812 2676 3890 possessionem
2722 3829 2940 3873 eorum
2986 3810 3102 3869 Pe-

538 3915 790 3980 trouina
822 3916 1256 3996 applicassent.
1305 3918 1484 3977 Tunc
1517 3916 2017 3979 reambulassent
2062 3926 2264 3989 metas
2293 3918 2710 3998 possessionis
2741 3917 3106 3996 Lomnycha

542 4043 581 4083 a
610 4032 789 4103 parte
820 4024 1237 4103 possessionis
1268 4032 1552 4084 actorum
1582 4024 1692 4085 tali
1720 4024 1939 4085 modo:
1979 4025 2188 4103 »quod
2218 4024 2418 4105 primo
2449 4024 2828 4105 incepissent
2857 4025 2921 4085 in
2952 4044 3102 4105 quo-

538 4131 685 4191 dam
713 4129 905 4193 fluuio
938 4130 1270 4193 Chernech
1300 4132 1727 4196 vocato·circa
1756 4132 1988 4212 ‘stipem
2013 4133 2186 4212 topol
2218 4141 2528 4209 vocatam,
2558 4142 2622 4194 et
2652 4132 2782 4213 exit,
2808 4151 2920 4212 per
2951 4152 3101 4214 qua5

540 4238 685 4298 dam
757 4238 1109 4309 valliculam
1156 4245 1219 4299 et
1252 4238 1435 4299 ‚venit
1499 4239 1670 4327 iunta
1717 4240 2046 4338 ecclesiam
2121 4240 2321 4302 sancti
2369 4241 2536 4301 Petri
2583 4226 2650 4301 et
2691 4240 2977 4336 peruenit
3023 4241 3104 4300 ad

530 4344 786 4405 fluuium
835 4346 1243 4425 Lipouchyna
1290 4348 1619 4429 vocatum„
1650 4348 1712 4408 in
1744 4349 2067 4428 quoiacet
2114 4332 2186 4409 et:¹
2209 4348 2482 4425 decurrit
2512 4350 2832 4429 quoddam
2862 4349 3095 4409 molen-

530 4452 743 4513 dinum
790 4454 868 4514 de
914 4455 1265 4531 Petrouina,
1316 4456 1541 4516 abhinc
1587 4458 1970 4518 transeundo
2017 4477 2130 4537 per
2177 4442 2452 4519 eundem·
2492 4458 2752 4519 fluuium
2797 4476 2911 4536 per
2957 4476 3090 4518 mo·

529 4558 735 4619 dicum
797 4561 1077 4640 spacium
1141 4582 1361 4624 versus
1431 4563 1771 4639 meridiem,
1842 4573 1905 4625 et
1970 4565 2048 4625 de
2120 4566 2344 4626 eodem
2407 4564 2597 4627 fluuio
2645 4566 2931 4626 exeundo
2980 4585 3092 4644 per

529 4667 847 4745 quoddam
892 4689 1156 4747 paruum
1206 4670 1511 4732 fossatum
1559 4671 1641 4731 ad
1686 4679 1929 4749 partem
1978 4672 2340 4733 orientalem
2401 4680 2463 4732 et
2510 4672 2676 4733 cadit
2721 4672 2782 4731 in
2832 4672 3097 4733 riuulum

534 4774 868 4836 Chernech
928 4780 1322 4857 appellatum,
1394 4788 1457 4841 et
1502 4780 1581 4841 de
1630 4782 1853 4841 eodem
1917 4781 2109 4841 fluuio
2158 4800 2270 4840 seu
2335 4781 2532 4842 riuulo
2581 4781 2704 4841 exit
2750 4799 2864 4860 per
2908 4801 3101 4841 unum

536 4882 845 4943 fossatum
908 4891 971 4944 et
1016 4884 1187 4945 venit
1234 4887 1313 4946 ad
1384 4906 1572 4947 unam
1622 4888 1789 4947 viam
1835 4887 2148 4966 publicam
2199 4908 2421 4948 versus
2469 4888 2902 4949 Krauarzkam
2949 4908 3098 4949 eun-

535 4998 662 5056 tem
739 4998 803 5053 et
868 4992 1155 5075 peruenit
1223 4992 1303 5052 ad
1372 4994 1689 5076 quandam
1760 4994 2042 5057 Mlakam
2109 5014 2222 5079 per
2285 4996 2516 5058 bonum
2565 4996 2863 5080 spacium,
2910 5004 2973 5058 et
3021 4997 3100 5063 ab
