<?xml version="1.0" encoding="UTF-8"?>
<!DOCTYPE html PUBLIC "-//W3C//DTD XHTML 1.0 Transitional//EN"
    "http://www.w3.org/TR/xhtml1/DTD/xhtml1-transitional.dtd">
<html xmlns="http://www.w3.org/1999/xhtml" xml:lang="en" lang="en">
 <head>
  <title>
</title>
<meta http-equiv="Content-Type" content="text/html;charset=utf-8" />
  <meta name='ocr-system' content='tesseract 3.04.00' />
  <meta name='ocr-capabilities' content='ocr_page ocr_carea ocr_par ocr_line ocrx_word'/>
</head>
<body>
  <div class='ocr_page' id='page_1' title='image "./povjesnispomeni01laszgoog_0196.png"; bbox 0 0 3917 5592; ppageno 0'>
   <div class='ocr_carea' id='block_1_1' title="bbox 809 438 934 503">
    <p class='ocr_par' dir='ltr' id='par_1_1' title="bbox 809 438 934 503">
     <span class='ocr_line' id='line_1_1' title="bbox 809 438 934 503; baseline -0.008 0"><span class='ocrx_word' id='word_1_1' title='bbox 809 438 934 503; x_wconf 83' lang='lat'>146</span> 
     </span>
    </p>
   </div>
   <div class='ocr_carea' id='block_1_2' title="bbox 799 652 3371 2776">
    <p class='ocr_par' dir='ltr' id='par_1_2' title="bbox 799 652 3371 2776">
     <span class='ocr_line' id='line_1_2' title="bbox 799 652 3363 733; baseline -0.002 -17"><span class='ocrx_word' id='word_1_2' title='bbox 799 657 965 716; x_wconf 92' lang='lat' dir='ltr'>nullo</span> <span class='ocrx_word' id='word_1_3' title='bbox 1013 656 1468 715; x_wconf 80' lang='lat' dir='ltr'>contradictore</span> <span class='ocrx_word' id='word_1_4' title='bbox 1501 656 1731 715; x_wconf 88' lang='lat' dir='ltr'>ibidem</span> <span class='ocrx_word' id='word_1_5' title='bbox 1779 672 1892 733; x_wconf 88' lang='lat' dir='ltr'>pro</span> <span class='ocrx_word' id='word_1_6' title='bbox 1940 662 2089 714; x_wconf 88' lang='lat' dir='ltr'>tunc</span> <span class='ocrx_word' id='word_1_7' title='bbox 2122 660 2481 733; x_wconf 86' lang='lat' dir='ltr'>apparente.</span> <span class='ocrx_word' id='word_1_8' title='bbox 2528 654 2701 714; x_wconf 87' lang='lat' dir='ltr'><strong>Mete</strong></span> <span class='ocrx_word' id='word_1_9' title='bbox 2743 660 2951 713; x_wconf 92' lang='lat' dir='ltr'>autem</span> <span class='ocrx_word' id='word_1_10' title='bbox 3001 652 3252 731; x_wconf 88' lang='lat' dir='ltr'>antique</span> <span class='ocrx_word' id='word_1_11' title='bbox 3298 658 3363 712; x_wconf 90' lang='lat' dir='ltr'>et</span> 
     </span>
     <span class='ocr_line' id='line_1_3' title="bbox 801 758 3359 839; baseline -0.001 -17"><span class='ocrx_word' id='word_1_12' title='bbox 801 782 1020 822; x_wconf 92' lang='lat' dir='ltr'>cursus</span> <span class='ocrx_word' id='word_1_13' title='bbox 1087 763 1349 823; x_wconf 89' lang='lat' dir='ltr'>metales</span> <span class='ocrx_word' id='word_1_14' title='bbox 1416 762 1699 822; x_wconf 88' lang='lat' dir='ltr'>eiusdem</span> <span class='ocrx_word' id='word_1_15' title='bbox 1766 760 2187 839; x_wconf 85' lang='lat' dir='ltr'>possessionis</span> <span class='ocrx_word' id='word_1_16' title='bbox 2240 760 2530 835; x_wconf 89' lang='lat' dir='ltr'>Goricha,</span> <span class='ocrx_word' id='word_1_17' title='bbox 2604 779 2718 839; x_wconf 92' lang='lat' dir='ltr'>per</span> <span class='ocrx_word' id='word_1_18' title='bbox 2778 758 3052 839; x_wconf 82' lang='lat' dir='ltr'>prefatos</span> <span class='ocrx_word' id='word_1_19' title='bbox 3122 760 3359 821; x_wconf 88' lang='lat' dir='ltr'>nobiles</span> 
     </span>
     <span class='ocr_line' id='line_1_4' title="bbox 803 867 3361 949; baseline -0.001 -19"><span class='ocrx_word' id='word_1_20' title='bbox 803 869 1042 931; x_wconf 88' lang='lat' dir='ltr'>eisdem</span> <span class='ocrx_word' id='word_1_21' title='bbox 1075 878 1329 929; x_wconf 90' lang='lat' dir='ltr'>ostense</span> <span class='ocrx_word' id='word_1_22' title='bbox 1363 876 1426 929; x_wconf 92' lang='lat' dir='ltr'>et</span> <span class='ocrx_word' id='word_1_23' title='bbox 1457 869 1882 943; x_wconf 86' lang='lat' dir='ltr'>demonstrati,</span> <span class='ocrx_word' id='word_1_24' title='bbox 1929 870 2051 929; x_wconf 92' lang='lat' dir='ltr'>hoc</span> <span class='ocrx_word' id='word_1_25' title='bbox 2084 868 2301 929; x_wconf 89' lang='lat' dir='ltr'>ordine</span> <span class='ocrx_word' id='word_1_26' title='bbox 2350 867 2915 949; x_wconf 86' lang='lat' dir='ltr'>distinguerentur:</span> <span class='ocrx_word' id='word_1_27' title='bbox 2964 869 3132 946; x_wconf 89' lang='lat' dir='ltr'>quod</span> <span class='ocrx_word' id='word_1_28' title='bbox 3160 867 3361 946; x_wconf 88' lang='lat' dir='ltr'>primo</span> 
     </span>
     <span class='ocr_line' id='line_1_5' title="bbox 801 975 3362 1057; baseline -0.001 -20"><span class='ocrx_word' id='word_1_29' title='bbox 801 977 1181 1055; x_wconf 88' lang='lat' dir='ltr'>inciperetur</span> <span class='ocrx_word' id='word_1_30' title='bbox 1225 996 1446 1036; x_wconf 90' lang='lat' dir='ltr'>cursus</span> <span class='ocrx_word' id='word_1_31' title='bbox 1507 975 1752 1036; x_wconf 89' lang='lat' dir='ltr'>metalis</span> <span class='ocrx_word' id='word_1_32' title='bbox 1801 996 1840 1036; x_wconf 94' lang='lat' dir='ltr'>a</span> <span class='ocrx_word' id='word_1_33' title='bbox 1885 985 2066 1055; x_wconf 88' lang='lat' dir='ltr'>parte</span> <span class='ocrx_word' id='word_1_34' title='bbox 2128 975 2546 1055; x_wconf 89' lang='lat' dir='ltr'>possessionis</span> <span class='ocrx_word' id='word_1_35' title='bbox 2592 976 2761 1035; x_wconf 88' lang='lat' dir='ltr'>Petri</span> <span class='ocrx_word' id='word_1_36' title='bbox 2824 976 2933 1035; x_wconf 89' lang='lat' dir='ltr'>filii</span> <span class='ocrx_word' id='word_1_37' title='bbox 2978 975 3238 1057; x_wconf 88' lang='lat' dir='ltr'>Georgii</span> <span class='ocrx_word' id='word_1_38' title='bbox 3283 976 3362 1035; x_wconf 95' lang='lat' dir='ltr'>de</span> 
     </span>
     <span class='ocr_line' id='line_1_6' title="bbox 801 1056 3366 1163; baseline 0 -20"><span class='ocrx_word' id='word_1_39' title='bbox 801 1084 1082 1158; x_wconf 88' lang='lat' dir='ltr'>Babana,</span> <span class='ocrx_word' id='word_1_40' title='bbox 1130 1084 1193 1143; x_wconf 91' lang='lat' dir='ltr'>in</span> <span class='ocrx_word' id='word_1_41' title='bbox 1241 1084 1514 1163; x_wconf 90' lang='lat' dir='ltr'>quadam</span> <span class='ocrx_word' id='word_1_42' title='bbox 1548 1084 1779 1159; x_wconf 85' lang='lat' dir='ltr'>Mlaka,</span> <span class='ocrx_word' id='word_1_43' title='bbox 1827 1084 1911 1144; x_wconf 93' lang='lat' dir='ltr'>ibi</span> <span class='ocrx_word' id='word_1_44' title='bbox 1943 1056 2042 1145; x_wconf 75' lang='lat' dir='ltr'>est</span> <span class='ocrx_word' id='word_1_45' title='bbox 2068 1084 2341 1163; x_wconf 90' lang='lat' dir='ltr'>quedam</span> <span class='ocrx_word' id='word_1_46' title='bbox 2388 1090 2556 1143; x_wconf 90' lang='lat' dir='ltr'>meta</span> <span class='ocrx_word' id='word_1_47' title='bbox 2595 1083 2821 1142; x_wconf 91' lang='lat' dir='ltr'>dumus</span> <span class='ocrx_word' id='word_1_48' title='bbox 2868 1084 3150 1143; x_wconf 88' lang='lat' dir='ltr'>auellane</span> <span class='ocrx_word' id='word_1_49' title='bbox 3198 1092 3366 1143; x_wconf 89' lang='lat' dir='ltr'>meta</span> 
     </span>
     <span class='ocr_line' id='line_1_7' title="bbox 802 1190 3363 1270; baseline 0 -21"><span class='ocrx_word' id='word_1_50' title='bbox 802 1199 1010 1251; x_wconf 89' lang='lat' dir='ltr'>terrea</span> <span class='ocrx_word' id='word_1_51' title='bbox 1056 1191 1492 1265; x_wconf 80' lang='lat' dir='ltr'>circumdatuS,</span> <span class='ocrx_word' id='word_1_52' title='bbox 1542 1190 1767 1251; x_wconf 91' lang='lat' dir='ltr'>deinde</span> <span class='ocrx_word' id='word_1_53' title='bbox 1814 1211 1927 1270; x_wconf 91' lang='lat' dir='ltr'>per</span> <span class='ocrx_word' id='word_1_54' title='bbox 1974 1191 2142 1251; x_wconf 90' lang='lat' dir='ltr'>viam</span> <span class='ocrx_word' id='word_1_55' title='bbox 2189 1190 2351 1251; x_wconf 89' lang='lat' dir='ltr'>inter</span> <span class='ocrx_word' id='word_1_56' title='bbox 2396 1190 2553 1249; x_wconf 89' lang='lat' dir='ltr'>duas</span> <span class='ocrx_word' id='word_1_57' title='bbox 2594 1190 2837 1270; x_wconf 80' lang='lat' dir='ltr'>plagaS,</span> <span class='ocrx_word' id='word_1_58' title='bbox 2884 1190 3119 1250; x_wconf 89' lang='lat' dir='ltr'>scilicet</span> <span class='ocrx_word' id='word_1_59' title='bbox 3163 1190 3363 1251; x_wconf 91' lang='lat' dir='ltr'>orien-</span> 
     </span>
     <span class='ocr_line' id='line_1_8' title="bbox 801 1297 3363 1377; baseline -0.001 -19"><span class='ocrx_word' id='word_1_60' title='bbox 801 1298 992 1358; x_wconf 86' lang='lat' dir='ltr'>talem</span> <span class='ocrx_word' id='word_1_61' title='bbox 1040 1305 1102 1357; x_wconf 93' lang='lat' dir='ltr'>et</span> <span class='ocrx_word' id='word_1_62' title='bbox 1149 1298 1616 1358; x_wconf 87' lang='lat' dir='ltr'>meridionalem</span> <span class='ocrx_word' id='word_1_63' title='bbox 1663 1299 2081 1377; x_wconf 83' lang='lat' dir='ltr'>procedendO,</span> <span class='ocrx_word' id='word_1_64' title='bbox 2130 1297 2531 1377; x_wconf 87' lang='lat' dir='ltr'>peruenirent</span> <span class='ocrx_word' id='word_1_65' title='bbox 2577 1298 2657 1357; x_wconf 91' lang='lat' dir='ltr'>ad</span> <span class='ocrx_word' id='word_1_66' title='bbox 2704 1297 2891 1357; x_wconf 90' lang='lat' dir='ltr'>aliam</span> <span class='ocrx_word' id='word_1_67' title='bbox 2950 1305 3185 1357; x_wconf 89' lang='lat' dir='ltr'>metam</span> <span class='ocrx_word' id='word_1_68' title='bbox 3245 1305 3363 1357; x_wconf 91' lang='lat' dir='ltr'>ter-</span> 
     </span>
     <span class='ocr_line' id='line_1_9' title="bbox 805 1404 3369 1486; baseline -0.002 -17"><span class='ocrx_word' id='word_1_69' title='bbox 805 1428 994 1483; x_wconf 87' lang='lat' dir='ltr'>ream,</span> <span class='ocrx_word' id='word_1_70' title='bbox 1044 1409 1251 1468; x_wconf 89' lang='lat' dir='ltr'>adhuc</span> <span class='ocrx_word' id='word_1_71' title='bbox 1281 1408 1342 1468; x_wconf 90' lang='lat' dir='ltr'>in</span> <span class='ocrx_word' id='word_1_72' title='bbox 1375 1408 1632 1467; x_wconf 91' lang='lat' dir='ltr'>easdem</span> <span class='ocrx_word' id='word_1_73' title='bbox 1681 1407 1840 1466; x_wconf 87' lang='lat' dir='ltr'>duas</span> <span class='ocrx_word' id='word_1_74' title='bbox 1868 1406 2094 1486; x_wconf 84' lang='lat' dir='ltr'>plagas</span> <span class='ocrx_word' id='word_1_75' title='bbox 2143 1410 2349 1465; x_wconf 86' lang='lat' dir='ltr'>eundo</span> <span class='ocrx_word' id='word_1_76' title='bbox 2380 1424 2494 1483; x_wconf 91' lang='lat' dir='ltr'>per</span> <span class='ocrx_word' id='word_1_77' title='bbox 2539 1406 2775 1466; x_wconf 92' lang='lat' dir='ltr'>bonum</span> <span class='ocrx_word' id='word_1_78' title='bbox 2806 1405 3089 1484; x_wconf 84' lang='lat' dir='ltr'>spacium</span> <span class='ocrx_word' id='word_1_79' title='bbox 3128 1404 3369 1466; x_wconf 87' lang='lat' dir='ltr'>veniret</span> 
     </span>
     <span class='ocr_line' id='line_1_10' title="bbox 806 1513 3367 1589; baseline -0.002 -12"><span class='ocrx_word' id='word_1_80' title='bbox 806 1518 887 1577; x_wconf 94' lang='lat' dir='ltr'>ad</span> <span class='ocrx_word' id='word_1_81' title='bbox 955 1535 1147 1576; x_wconf 89' lang='lat' dir='ltr'>vnam</span> <span class='ocrx_word' id='word_1_82' title='bbox 1193 1522 1426 1575; x_wconf 88' lang='lat' dir='ltr'>metam</span> <span class='ocrx_word' id='word_1_83' title='bbox 1495 1515 1754 1574; x_wconf 86' lang='lat' dir='ltr'>harasth</span> <span class='ocrx_word' id='word_1_84' title='bbox 1823 1514 2057 1574; x_wconf 89' lang='lat' dir='ltr'>dictam</span> <span class='ocrx_word' id='word_1_85' title='bbox 2124 1521 2295 1573; x_wconf 87' lang='lat' dir='ltr'>meta</span> <span class='ocrx_word' id='word_1_86' title='bbox 2340 1522 2547 1573; x_wconf 89' lang='lat' dir='ltr'>terrea</span> <span class='ocrx_word' id='word_1_87' title='bbox 2616 1513 3073 1589; x_wconf 86' lang='lat' dir='ltr'>circumfusam,</span> <span class='ocrx_word' id='word_1_88' title='bbox 3142 1513 3367 1573; x_wconf 91' lang='lat' dir='ltr'>deinde</span> 
     </span>
     <span class='ocr_line' id='line_1_11' title="bbox 805 1620 3369 1703; baseline -0.002 -20"><span class='ocrx_word' id='word_1_89' title='bbox 805 1624 965 1684; x_wconf 90' lang='lat' dir='ltr'>inter</span> <span class='ocrx_word' id='word_1_90' title='bbox 1010 1623 1324 1702; x_wconf 89' lang='lat' dir='ltr'>predictas</span> <span class='ocrx_word' id='word_1_91' title='bbox 1371 1624 1530 1682; x_wconf 87' lang='lat' dir='ltr'>duas</span> <span class='ocrx_word' id='word_1_92' title='bbox 1577 1623 1800 1703; x_wconf 89' lang='lat' dir='ltr'>plagas</span> <span class='ocrx_word' id='word_1_93' title='bbox 1848 1641 1961 1700; x_wconf 89' lang='lat' dir='ltr'>per</span> <span class='ocrx_word' id='word_1_94' title='bbox 2007 1622 2240 1680; x_wconf 88' lang='lat' dir='ltr'>bonum</span> <span class='ocrx_word' id='word_1_95' title='bbox 2288 1620 2571 1698; x_wconf 89' lang='lat' dir='ltr'>spacium</span> <span class='ocrx_word' id='word_1_96' title='bbox 2616 1620 2903 1695; x_wconf 86' lang='lat' dir='ltr'>meandO,</span> <span class='ocrx_word' id='word_1_97' title='bbox 2947 1620 3240 1680; x_wconf 88' lang='lat' dir='ltr'>transiret</span> <span class='ocrx_word' id='word_1_98' title='bbox 3287 1620 3369 1679; x_wconf 92' lang='lat' dir='ltr'>ad</span> 
     </span>
     <span class='ocr_line' id='line_1_12' title="bbox 807 1727 3369 1808; baseline -0.002 -17"><span class='ocrx_word' id='word_1_99' title='bbox 807 1738 1042 1791; x_wconf 89' lang='lat' dir='ltr'>metam</span> <span class='ocrx_word' id='word_1_100' title='bbox 1112 1731 1316 1790; x_wconf 89' lang='lat' dir='ltr'>Bezus</span> <span class='ocrx_word' id='word_1_101' title='bbox 1365 1730 1759 1808; x_wconf 87' lang='lat' dir='ltr'>appellatam,</span> <span class='ocrx_word' id='word_1_102' title='bbox 1831 1729 2039 1789; x_wconf 91' lang='lat' dir='ltr'>adhuc</span> <span class='ocrx_word' id='word_1_103' title='bbox 2097 1748 2213 1807; x_wconf 91' lang='lat' dir='ltr'>per</span> <span class='ocrx_word' id='word_1_104' title='bbox 2280 1746 2584 1808; x_wconf 88' lang='lat' dir='ltr'>magnum</span> <span class='ocrx_word' id='word_1_105' title='bbox 2630 1728 2912 1806; x_wconf 91' lang='lat' dir='ltr'>spacium</span> <span class='ocrx_word' id='word_1_106' title='bbox 2981 1727 3139 1788; x_wconf 91' lang='lat' dir='ltr'>inter</span> <span class='ocrx_word' id='word_1_107' title='bbox 3200 1727 3369 1806; x_wconf 89' lang='lat' dir='ltr'>ipsas</span> 
     </span>
     <span class='ocr_line' id='line_1_13' title="bbox 808 1834 3369 1918; baseline -0.002 -21"><span class='ocrx_word' id='word_1_108' title='bbox 808 1838 1033 1918; x_wconf 89' lang='lat' dir='ltr'>plagas</span> <span class='ocrx_word' id='word_1_109' title='bbox 1103 1836 1485 1897; x_wconf 87' lang='lat' dir='ltr'>transeundo</span> <span class='ocrx_word' id='word_1_110' title='bbox 1555 1836 1940 1916; x_wconf 88' lang='lat' dir='ltr'>pertingeret</span> <span class='ocrx_word' id='word_1_111' title='bbox 1987 1836 2069 1895; x_wconf 89' lang='lat' dir='ltr'>ad</span> <span class='ocrx_word' id='word_1_112' title='bbox 2115 1854 2305 1894; x_wconf 91' lang='lat' dir='ltr'>vnam</span> <span class='ocrx_word' id='word_1_113' title='bbox 2362 1842 2596 1895; x_wconf 87' lang='lat' dir='ltr'>metam</span> <span class='ocrx_word' id='word_1_114' title='bbox 2660 1835 2917 1894; x_wconf 90' lang='lat' dir='ltr'>harasth</span> <span class='ocrx_word' id='word_1_115' title='bbox 2974 1834 3369 1913; x_wconf 87' lang='lat' dir='ltr'>appellatam,</span> 
     </span>
     <span class='ocr_line' id='line_1_14' title="bbox 807 1941 3369 2023; baseline -0.002 -17"><span class='ocrx_word' id='word_1_116' title='bbox 807 1945 1032 2006; x_wconf 81' lang='lat' dir='ltr'>deinde</span> <span class='ocrx_word' id='word_1_117' title='bbox 1079 1964 1193 2023; x_wconf 89' lang='lat' dir='ltr'>per</span> <span class='ocrx_word' id='word_1_118' title='bbox 1238 1943 1521 2022; x_wconf 88' lang='lat' dir='ltr'>spacium</span> <span class='ocrx_word' id='word_1_119' title='bbox 1567 1942 1719 2003; x_wconf 88' lang='lat' dir='ltr'>satis</span> <span class='ocrx_word' id='word_1_120' title='bbox 1751 1962 2055 2023; x_wconf 89' lang='lat' dir='ltr'>magnum</span> <span class='ocrx_word' id='word_1_121' title='bbox 2103 1942 2309 2002; x_wconf 89' lang='lat' dir='ltr'>eundo</span> <span class='ocrx_word' id='word_1_122' title='bbox 2344 1942 2504 2002; x_wconf 87' lang='lat' dir='ltr'>inter</span> <span class='ocrx_word' id='word_1_123' title='bbox 2549 1941 2719 2020; x_wconf 88' lang='lat' dir='ltr'>ipsas</span> <span class='ocrx_word' id='word_1_124' title='bbox 2752 1942 2910 2001; x_wconf 91' lang='lat' dir='ltr'>duas</span> <span class='ocrx_word' id='word_1_125' title='bbox 2956 1943 3180 2021; x_wconf 88' lang='lat' dir='ltr'>plagas</span> <span class='ocrx_word' id='word_1_126' title='bbox 3228 1960 3369 2019; x_wconf 90' lang='lat' dir='ltr'>pro-</span> 
     </span>
     <span class='ocr_line' id='line_1_15' title="bbox 807 2047 3371 2135; baseline -0.002 -22"><span class='ocrx_word' id='word_1_127' title='bbox 807 2054 1170 2135; x_wconf 87' lang='lat' dir='ltr'>grediend0‚</span> <span class='ocrx_word' id='word_1_128' title='bbox 1241 2059 1306 2111; x_wconf 89' lang='lat' dir='ltr'>et</span> <span class='ocrx_word' id='word_1_129' title='bbox 1367 2071 1590 2112; x_wconf 90' lang='lat' dir='ltr'>versus</span> <span class='ocrx_word' id='word_1_130' title='bbox 1653 2049 1956 2111; x_wconf 88' lang='lat' dir='ltr'>orientem</span> <span class='ocrx_word' id='word_1_131' title='bbox 2028 2049 2343 2109; x_wconf 89' lang='lat' dir='ltr'>modicum</span> <span class='ocrx_word' id='word_1_132' title='bbox 2405 2050 2801 2120; x_wconf 88' lang='lat' dir='ltr'>reflectend0‚</span> <span class='ocrx_word' id='word_1_133' title='bbox 2872 2048 3228 2128; x_wconf 89' lang='lat' dir='ltr'>perueniret</span> <span class='ocrx_word' id='word_1_134' title='bbox 3289 2047 3371 2108; x_wconf 92' lang='lat' dir='ltr'>ad</span> 
     </span>
     <span class='ocr_line' id='line_1_16' title="bbox 806 2154 3371 2232; baseline -0.003 -11"><span class='ocrx_word' id='word_1_135' title='bbox 806 2180 997 2221; x_wconf 87' lang='lat' dir='ltr'>vnam</span> <span class='ocrx_word' id='word_1_136' title='bbox 1064 2161 1348 2220; x_wconf 87' lang='lat' dir='ltr'>Mlakam</span> <span class='ocrx_word' id='word_1_137' title='bbox 1393 2159 1820 2219; x_wconf 90' lang='lat' dir='ltr'>kalachena</span> <span class='ocrx_word' id='word_1_138' title='bbox 1887 2159 2106 2218; x_wconf 90' lang='lat' dir='ltr'>Mlaka</span> <span class='ocrx_word' id='word_1_139' title='bbox 2151 2164 2460 2232; x_wconf 92' lang='lat' dir='ltr'>vocatam,</span> <span class='ocrx_word' id='word_1_140' title='bbox 2532 2157 2617 2217; x_wconf 93' lang='lat' dir='ltr'>ibi</span> <span class='ocrx_word' id='word_1_141' title='bbox 2664 2164 2762 2217; x_wconf 89' lang='lat' dir='ltr'>est</span> <span class='ocrx_word' id='word_1_142' title='bbox 2806 2164 2977 2217; x_wconf 87' lang='lat' dir='ltr'>meta</span> <span class='ocrx_word' id='word_1_143' title='bbox 3040 2164 3247 2216; x_wconf 91' lang='lat' dir='ltr'>terrea</span> <span class='ocrx_word' id='word_1_144' title='bbox 3307 2154 3371 2214; x_wconf 92' lang='lat' dir='ltr'>in</span> 
     </span>
     <span class='ocr_line' id='line_1_17' title="bbox 807 2258 3369 2348; baseline -0.003 -19"><span class='ocrx_word' id='word_1_145' title='bbox 807 2268 1001 2348; x_wconf 90' lang='lat' dir='ltr'>spinis</span> <span class='ocrx_word' id='word_1_146' title='bbox 1050 2276 1114 2329; x_wconf 92' lang='lat' dir='ltr'>et</span> <span class='ocrx_word' id='word_1_147' title='bbox 1159 2268 1414 2328; x_wconf 88' lang='lat' dir='ltr'>caderet</span> <span class='ocrx_word' id='word_1_148' title='bbox 1461 2267 1541 2326; x_wconf 92' lang='lat' dir='ltr'>ad</span> <span class='ocrx_word' id='word_1_149' title='bbox 1589 2267 1790 2345; x_wconf 90' lang='lat' dir='ltr'>ipsam</span> <span class='ocrx_word' id='word_1_150' title='bbox 1823 2265 2121 2339; x_wconf 88' lang='lat' dir='ltr'>Mlakam,</span> <span class='ocrx_word' id='word_1_151' title='bbox 2178 2258 2618 2325; x_wconf 79' lang='lat' dir='ltr'>Tuklachena³</span> <span class='ocrx_word' id='word_1_152' title='bbox 2664 2265 2883 2325; x_wconf 88' lang='lat' dir='ltr'>Mlaka</span> <span class='ocrx_word' id='word_1_153' title='bbox 2928 2270 3369 2341; x_wconf 89' lang='lat' dir='ltr'>nuncupatam.</span> 
     </span>
     <span class='ocr_line' id='line_1_18' title="bbox 805 2370 3369 2451; baseline -0.003 -14"><span class='ocrx_word' id='word_1_154' title='bbox 805 2377 874 2437; x_wconf 94' lang='lat' dir='ltr'>In</span> <span class='ocrx_word' id='word_1_155' title='bbox 937 2376 1115 2435; x_wconf 91' lang='lat' dir='ltr'>cuius</span> <span class='ocrx_word' id='word_1_156' title='bbox 1183 2375 1274 2435; x_wconf 88' lang='lat' dir='ltr'>rei</span> <span class='ocrx_word' id='word_1_157' title='bbox 1321 2373 1686 2434; x_wconf 90' lang='lat' dir='ltr'>memoriam</span> <span class='ocrx_word' id='word_1_158' title='bbox 1753 2372 2237 2451; x_wconf 87' lang='lat' dir='ltr'>firmitatemque</span> <span class='ocrx_word' id='word_1_159' title='bbox 2290 2380 2678 2451; x_wconf 88' lang='lat' dir='ltr'>perpetuam,</span> <span class='ocrx_word' id='word_1_160' title='bbox 2743 2379 3069 2450; x_wconf 90' lang='lat' dir='ltr'>presentes</span> <span class='ocrx_word' id='word_1_161' title='bbox 3134 2370 3369 2431; x_wconf 88' lang='lat' dir='ltr'>litteras</span> 
     </span>
     <span class='ocr_line' id='line_1_19' title="bbox 805 2472 3369 2561; baseline -0.002 -19"><span class='ocrx_word' id='word_1_162' title='bbox 805 2489 1052 2542; x_wconf 89' lang='lat' dir='ltr'>nostras</span> <span class='ocrx_word' id='word_1_163' title='bbox 1099 2480 1522 2561; x_wconf 83' lang='lat' dir='ltr'>priuilegiales</span> <span class='ocrx_word' id='word_1_164' title='bbox 1570 2480 1808 2540; x_wconf 92' lang='lat' dir='ltr'>eisdem</span> <span class='ocrx_word' id='word_1_165' title='bbox 1855 2479 2164 2539; x_wconf 90' lang='lat' dir='ltr'>nobilibus</span> <span class='ocrx_word' id='word_1_166' title='bbox 2212 2480 2501 2539; x_wconf 85' lang='lat' dir='ltr'>duximus</span> <span class='ocrx_word' id='word_1_167' title='bbox 2549 2472 3069 2539; x_wconf 80' lang='lat' dir='ltr'>concedendam.⁴</span> <span class='ocrx_word' id='word_1_168' title='bbox 3136 2478 3369 2537; x_wconf 90' lang='lat' dir='ltr'>Datum</span> 
     </span>
     <span class='ocr_line' id='line_1_20' title="bbox 802 2586 3368 2671; baseline -0.002 -21"><span class='ocrx_word' id='word_1_169' title='bbox 802 2589 1133 2671; x_wconf 89' lang='lat' dir='ltr'>Zagrabie,</span> <span class='ocrx_word' id='word_1_170' title='bbox 1181 2589 1336 2649; x_wconf 90' lang='lat' dir='ltr'>feria</span> <span class='ocrx_word' id='word_1_171' title='bbox 1383 2589 1600 2668; x_wconf 88' lang='lat' dir='ltr'>quinta</span> <span class='ocrx_word' id='word_1_172' title='bbox 1635 2588 1920 2669; x_wconf 83' lang='lat' dir='ltr'>proxima</span> <span class='ocrx_word' id='word_1_173' title='bbox 1970 2594 2113 2647; x_wconf 86' lang='lat' dir='ltr'>ante</span> <span class='ocrx_word' id='word_1_174' title='bbox 2160 2588 2389 2647; x_wconf 88' lang='lat' dir='ltr'>festum</span> <span class='ocrx_word' id='word_1_175' title='bbox 2434 2588 2603 2648; x_wconf 88' lang='lat' dir='ltr'>beati</span> <span class='ocrx_word' id='word_1_176' title='bbox 2637 2586 2929 2667; x_wconf 85' lang='lat' dir='ltr'>Gregorii</span> <span class='ocrx_word' id='word_1_177' title='bbox 2975 2604 3157 2665; x_wconf 86' lang='lat' dir='ltr'>pape,</span> <span class='ocrx_word' id='word_1_178' title='bbox 3206 2604 3368 2645; x_wconf 90' lang='lat' dir='ltr'>anno</span> 
     </span>
     <span class='ocr_line' id='line_1_21' title="bbox 805 2696 2692 2776; baseline -0.001 -19"><span class='ocrx_word' id='word_1_179' title='bbox 805 2698 1037 2758; x_wconf 88' lang='lat' dir='ltr'>domini</span> <span class='ocrx_word' id='word_1_180' title='bbox 1083 2697 1412 2757; x_wconf 91' lang='lat' dir='ltr'>millesimo</span> <span class='ocrx_word' id='word_1_181' title='bbox 1459 2697 1899 2757; x_wconf 88' lang='lat' dir='ltr'>trecentesimo</span> <span class='ocrx_word' id='word_1_182' title='bbox 1947 2696 2361 2776; x_wconf 89' lang='lat' dir='ltr'>nonagesimo</span> <span class='ocrx_word' id='word_1_183' title='bbox 2408 2696 2692 2774; x_wconf 80' lang='lat' dir='ltr'>septimo,</span> 
     </span>
    </p>
   </div>
   <div class='ocr_carea' id='block_1_3' title="bbox 805 2831 3370 2993">
    <p class='ocr_par' dir='ltr' id='par_1_3' title="bbox 805 2831 3370 2993">
     <span class='ocr_line' id='line_1_22' title="bbox 1021 2831 3370 2905; baseline -0.003 -14"><span class='ocrx_word' id='word_1_184' title='bbox 1021 2836 1064 2890; x_wconf 91' lang='lat' dir='ltr'><strong>E</strong></span> <span class='ocrx_word' id='word_1_185' title='bbox 1099 2838 1456 2905; x_wconf 82' lang='lat' dir='ltr'>transumpto</span> <span class='ocrx_word' id='word_1_186' title='bbox 1495 2836 1641 2905; x_wconf 77' lang='lat' dir='ltr'>regis</span> <span class='ocrx_word' id='word_1_187' title='bbox 1679 2835 1952 2890; x_wconf 83' lang='lat' dir='ltr'>Ludovici</span> <span class='ocrx_word' id='word_1_188' title='bbox 1991 2852 2043 2892; x_wconf 79' lang='lat' dir='ltr'>a.</span> <span class='ocrx_word' id='word_1_189' title='bbox 2083 2834 2237 2891; x_wconf 70' lang='lat'>1520.</span> <span class='ocrx_word' id='word_1_190' title='bbox 2276 2833 2361 2889; x_wconf 91' lang='lat'>11.</span> <span class='ocrx_word' id='word_1_191' title='bbox 2390 2833 2549 2903; x_wconf 90' lang='lat' dir='ltr'>iunii,</span> <span class='ocrx_word' id='word_1_192' title='bbox 2590 2834 2740 2903; x_wconf 85' lang='lat' dir='ltr'>quod</span> <span class='ocrx_word' id='word_1_193' title='bbox 2780 2834 2965 2888; x_wconf 88' lang='lat' dir='ltr'>denuo</span> <span class='ocrx_word' id='word_1_194' title='bbox 3004 2831 3370 2903; x_wconf 77' lang='lat' dir='ltr'>transumpsit</span> 
     </span>
     <span class='ocr_line' id='line_1_23' title="bbox 805 2922 3153 2993; baseline -0.001 -13"><span class='ocrx_word' id='word_1_195' title='bbox 805 2926 956 2981; x_wconf 89' lang='lat' dir='ltr'>idem</span> <span class='ocrx_word' id='word_1_196' title='bbox 993 2943 1092 2981; x_wconf 84' lang='lat' dir='ltr'>rex</span> <span class='ocrx_word' id='word_1_197' title='bbox 1131 2944 1183 2982; x_wconf 84' lang='lat' dir='ltr'>a.</span> <span class='ocrx_word' id='word_1_198' title='bbox 1210 2926 1366 2982; x_wconf 72' lang='lat'>1524.</span> <span class='ocrx_word' id='word_1_199' title='bbox 1403 2925 1455 2981; x_wconf 71' lang='lat'>4.</span> <span class='ocrx_word' id='word_1_200' title='bbox 1484 2926 1812 2981; x_wconf 78' lang='lat' dir='ltr'>decembris.</span> <span class='ocrx_word' id='word_1_201' title='bbox 1853 2927 1915 2979; x_wconf 87' lang='lat' dir='ltr'>In</span> <span class='ocrx_word' id='word_1_202' title='bbox 1954 2925 2189 2981; x_wconf 84' lang='lat' dir='ltr'>archivo</span> <span class='ocrx_word' id='word_1_203' title='bbox 2228 2924 2360 2979; x_wconf 88' lang='lat' dir='ltr'>nob.</span> <span class='ocrx_word' id='word_1_204' title='bbox 2399 2940 2683 2979; x_wconf 88' lang='lat' dir='ltr'>commun.</span> <span class='ocrx_word' id='word_1_205' title='bbox 2723 2923 2792 2978; x_wconf 88' lang='lat' dir='ltr'>de</span> <span class='ocrx_word' id='word_1_206' title='bbox 2831 2922 3153 2993; x_wconf 86' lang='lat' dir='ltr'>Turopolje.</span> 
     </span>
    </p>
   </div>
   <div class='ocr_carea' id='block_1_4' title="bbox 807 3046 1230 3054">
    <p class='ocr_par' dir='ltr' id='par_1_4' title="bbox 807 3046 1230 3054">
     <span class='ocr_line' id='line_1_24' title="bbox 807 3046 1230 3054; baseline 0 0"><span class='ocrx_word' id='word_1_207' title='bbox 807 3046 1230 3054; x_wconf 95' lang='lat' dir='ltr'> </span> 
     </span>
    </p>
   </div>
   <div class='ocr_carea' id='block_1_5' title="bbox 1029 3099 3368 3175">
    <p class='ocr_par' dir='ltr' id='par_1_5' title="bbox 1029 3099 3368 3175">
     <span class='ocr_line' id='line_1_25' title="bbox 1029 3099 3368 3175; baseline -0.003 -15"><span class='ocrx_word' id='word_1_208' title='bbox 1029 3104 1162 3161; x_wconf 80' lang='lat' dir='ltr'>¹sic</span> <span class='ocrx_word' id='word_1_209' title='bbox 1219 3103 1562 3175; x_wconf 75' lang='lat' dir='ltr'>(inpacatis).</span> <span class='ocrx_word' id='word_1_210' title='bbox 1657 3105 1677 3135; x_wconf 77' lang='lat'>³</span> <span class='ocrx_word' id='word_1_211' title='bbox 1726 3104 1808 3159; x_wconf 87' lang='lat' dir='ltr'>sic</span> <span class='ocrx_word' id='word_1_212' title='bbox 1864 3102 2317 3173; x_wconf 85' lang='lat' dir='ltr'>(specificandis).</span> <span class='ocrx_word' id='word_1_213' title='bbox 2413 3104 2433 3134; x_wconf 78' lang='lat'><strong>³</strong></span> <span class='ocrx_word' id='word_1_214' title='bbox 2484 3103 2581 3159; x_wconf 88' lang='lat' dir='ltr'>sic.</span> <span class='ocrx_word' id='word_1_215' title='bbox 2674 3102 2693 3131; x_wconf 89' lang='lat'><strong>⁴</strong></span> <span class='ocrx_word' id='word_1_216' title='bbox 2744 3101 2825 3157; x_wconf 83' lang='lat' dir='ltr'>sic</span> <span class='ocrx_word' id='word_1_217' title='bbox 2882 3099 3368 3171; x_wconf 84' lang='lat' dir='ltr'>(concedendum).</span> 
     </span>
    </p>
   </div>
   <div class='ocr_carea' id='block_1_6' title="bbox 1994 3390 2197 3459">
    <p class='ocr_par' dir='ltr' id='par_1_6' title="bbox 1994 3390 2197 3459">
     <span class='ocr_line' id='line_1_26' title="bbox 1994 3390 2197 3459; baseline 0 -2"><span class='ocrx_word' id='word_1_218' title='bbox 1994 3390 2037 3457; x_wconf 88' lang='lat'>1</span> <span class='ocrx_word' id='word_1_219' title='bbox 2053 3390 2197 3459; x_wconf 80' lang='lat'>54.</span> 
     </span>
    </p>
   </div>
   <div class='ocr_carea' id='block_1_7' title="bbox 1024 3587 2185 3668">
    <p class='ocr_par' dir='ltr' id='par_1_7' title="bbox 1024 3587 2185 3668">
     <span class='ocr_line' id='line_1_27' title="bbox 1024 3587 2185 3668; baseline -0.004 -16"><span class='ocrx_word' id='word_1_220' title='bbox 1024 3592 1206 3652; x_wconf 88' lang='lat' dir='ltr'>Anno</span> <span class='ocrx_word' id='word_1_221' title='bbox 1264 3587 1446 3649; x_wconf 85' lang='lat'>1397.</span> <span class='ocrx_word' id='word_1_222' title='bbox 1496 3587 1553 3649; x_wconf 93' lang='grc'>8.</span> <span class='ocrx_word' id='word_1_223' title='bbox 1603 3588 1766 3649; x_wconf 86' lang='lat' dir='ltr'>maii.</span> <span class='ocrx_word' id='word_1_224' title='bbox 1813 3588 2185 3668; x_wconf 90' lang='lat' dir='ltr'>Zagrabiae.</span> 
     </span>
    </p>
   </div>
   <div class='ocr_carea' id='block_1_8' title="bbox 811 3782 3372 4299">
    <p class='ocr_par' dir='ltr' id='par_1_8' title="bbox 811 3782 3372 4299">
     <span class='ocr_line' id='line_1_28' title="bbox 1023 3782 3372 3865; baseline -0.003 -17"><span class='ocrx_word' id='word_1_225' title='bbox 1023 3788 1321 3848; x_wconf 89' lang='lat' dir='ltr'>Nicolaus</span> <span class='ocrx_word' id='word_1_226' title='bbox 1370 3788 1448 3846; x_wconf 91' lang='lat' dir='ltr'>de</span> <span class='ocrx_word' id='word_1_227' title='bbox 1497 3786 1670 3846; x_wconf 88' lang='lat' dir='ltr'>Gara</span> <span class='ocrx_word' id='word_1_228' title='bbox 1716 3804 2057 3865; x_wconf 89' lang='lat' dir='ltr'>regnorum</span> <span class='ocrx_word' id='word_1_229' title='bbox 2120 3783 2513 3857; x_wconf 87' lang='lat' dir='ltr'>Sclauoniae,</span> <span class='ocrx_word' id='word_1_230' title='bbox 2568 3782 2921 3844; x_wconf 89' lang='lat' dir='ltr'>Dalmatiae</span> <span class='ocrx_word' id='word_1_231' title='bbox 2970 3790 3035 3843; x_wconf 93' lang='lat' dir='ltr'>et</span> <span class='ocrx_word' id='word_1_232' title='bbox 3078 3782 3372 3843; x_wconf 88' lang='lat' dir='ltr'>Croatiae</span> 
     </span>
     <span class='ocr_line' id='line_1_29' title="bbox 811 3892 3370 3972; baseline -0.003 -15"><span class='ocrx_word' id='word_1_233' title='bbox 811 3898 1030 3971; x_wconf 87' lang='lat' dir='ltr'>banus,</span> <span class='ocrx_word' id='word_1_234' title='bbox 1077 3896 1410 3957; x_wconf 88' lang='lat' dir='ltr'>terminum</span> <span class='ocrx_word' id='word_1_235' title='bbox 1455 3896 1519 3955; x_wconf 87' lang='lat' dir='ltr'>in</span> <span class='ocrx_word' id='word_1_236' title='bbox 1566 3913 1761 3954; x_wconf 90' lang='lat' dir='ltr'>causa</span> <span class='ocrx_word' id='word_1_237' title='bbox 1821 3893 2051 3953; x_wconf 89' lang='lat' dir='ltr'>civium</span> <span class='ocrx_word' id='word_1_238' title='bbox 2096 3892 2655 3972; x_wconf 83' lang='lat' dir='ltr'>Montisgrecensis</span> <span class='ocrx_word' id='word_1_239' title='bbox 2720 3900 2938 3952; x_wconf 89' lang='lat' dir='ltr'>contra</span> <span class='ocrx_word' id='word_1_240' title='bbox 2982 3892 3370 3971; x_wconf 88' lang='lat' dir='ltr'>Stephanum</span> 
     </span>
     <span class='ocr_line' id='line_1_30' title="bbox 813 3998 3371 4079; baseline -0.002 -15"><span class='ocrx_word' id='word_1_241' title='bbox 813 4013 878 4065; x_wconf 90' lang='lat' dir='ltr'>et</span> <span class='ocrx_word' id='word_1_242' title='bbox 921 4004 1280 4064; x_wconf 90' lang='lat' dir='ltr'>Ladislaum</span> <span class='ocrx_word' id='word_1_243' title='bbox 1330 4003 1489 4062; x_wconf 82' lang='lat' dir='ltr'>filios</span> <span class='ocrx_word' id='word_1_244' title='bbox 1536 4000 1859 4061; x_wconf 90' lang='lat' dir='ltr'>Benedicti</span> <span class='ocrx_word' id='word_1_245' title='bbox 1893 4008 1956 4059; x_wconf 95' lang='lat' dir='ltr'>et</span> <span class='ocrx_word' id='word_1_246' title='bbox 1988 3999 2365 4079; x_wconf 90' lang='lat' dir='ltr'>Gregorium</span> <span class='ocrx_word' id='word_1_247' title='bbox 2411 3999 2607 4058; x_wconf 90' lang='lat' dir='ltr'>filium</span> <span class='ocrx_word' id='word_1_248' title='bbox 2650 3999 2999 4075; x_wconf 87' lang='lat' dir='ltr'>Mychaelis</span> <span class='ocrx_word' id='word_1_249' title='bbox 3049 3999 3127 4059; x_wconf 90' lang='lat' dir='ltr'>de</span> <span class='ocrx_word' id='word_1_250' title='bbox 3178 3998 3371 4072; x_wconf 86' lang='lat' dir='ltr'>Odra‚</span> 
     </span>
     <span class='ocr_line' id='line_1_31' title="bbox 813 4106 3369 4190; baseline -0.002 -19"><span class='ocrx_word' id='word_1_251' title='bbox 813 4112 875 4171; x_wconf 89' lang='lat' dir='ltr'>in</span> <span class='ocrx_word' id='word_1_252' title='bbox 919 4112 1086 4171; x_wconf 87' lang='lat' dir='ltr'>facto</span> <span class='ocrx_word' id='word_1_253' title='bbox 1119 4110 1536 4190; x_wconf 91' lang='lat' dir='ltr'>possessionis</span> <span class='ocrx_word' id='word_1_254' title='bbox 1583 4109 1872 4169; x_wconf 88' lang='lat' dir='ltr'>Hrascha</span> <span class='ocrx_word' id='word_1_255' title='bbox 1904 4114 2185 4181; x_wconf 90' lang='lat' dir='ltr'>vocatae,</span> <span class='ocrx_word' id='word_1_256' title='bbox 2233 4107 2314 4166; x_wconf 91' lang='lat' dir='ltr'>ad</span> <span class='ocrx_word' id='word_1_257' title='bbox 2346 4114 2605 4167; x_wconf 89' lang='lat' dir='ltr'>octavas</span> <span class='ocrx_word' id='word_1_258' title='bbox 2652 4106 2793 4167; x_wconf 81' lang='lat' dir='ltr'>festi</span> <span class='ocrx_word' id='word_1_259' title='bbox 2823 4106 2992 4166; x_wconf 89' lang='lat' dir='ltr'>beati</span> <span class='ocrx_word' id='word_1_260' title='bbox 3019 4106 3369 4183; x_wconf 89' lang='lat' dir='ltr'>Mychaelis</span> 
     </span>
     <span class='ocr_line' id='line_1_32' title="bbox 811 4225 1126 4299; baseline -0.003 -20"><span class='ocrx_word' id='word_1_261' title='bbox 811 4225 1126 4299; x_wconf 89' lang='lat' dir='ltr'>prorogat.</span> 
     </span>
    </p>
   </div>
   <div class='ocr_carea' id='block_1_9' title="bbox 811 4354 3369 4523">
    <p class='ocr_par' dir='ltr' id='par_1_9' title="bbox 811 4354 3369 4523">
     <span class='ocr_line' id='line_1_33' title="bbox 1025 4354 3369 4427; baseline -0.001 -15"><span class='ocrx_word' id='word_1_262' title='bbox 1025 4358 1266 4412; x_wconf 86' lang='lat' dir='ltr'>Ioannes</span> <span class='ocrx_word' id='word_1_263' title='bbox 1305 4356 1545 4425; x_wconf 68' lang='lat' dir='ltr'>Tkalcic,</span> <span class='ocrx_word' id='word_1_264' title='bbox 1585 4357 1731 4412; x_wconf 91' lang='lat' dir='ltr'>Mon.</span> <span class='ocrx_word' id='word_1_265' title='bbox 1772 4357 1900 4412; x_wconf 87' lang='lat' dir='ltr'>hist.</span> <span class='ocrx_word' id='word_1_266' title='bbox 1928 4356 2077 4411; x_wconf 86' lang='lat' dir='ltr'>civit.</span> <span class='ocrx_word' id='word_1_267' title='bbox 2116 4357 2423 4427; x_wconf 78' lang='lat' dir='ltr'>Zagrabiae</span> <span class='ocrx_word' id='word_1_268' title='bbox 2464 4358 2499 4411; x_wconf 95' lang='lat'>1.</span> <span class='ocrx_word' id='word_1_269' title='bbox 2538 4375 2590 4426; x_wconf 92' lang='lat' dir='ltr'>p.</span> <span class='ocrx_word' id='word_1_270' title='bbox 2617 4354 2738 4412; x_wconf 80' lang='lat'>394.</span> <span class='ocrx_word' id='word_1_271' title='bbox 2781 4385 2840 4395; x_wconf 89' lang='lat'>—</span> <span class='ocrx_word' id='word_1_272' title='bbox 2886 4355 3169 4425; x_wconf 79' lang='lat' dir='ltr'>originale</span> <span class='ocrx_word' id='word_1_273' title='bbox 3209 4356 3369 4410; x_wconf 82' lang='lat' dir='ltr'>char-</span> 
     </span>
     <span class='ocr_line' id='line_1_34' title="bbox 811 4444 3101 4523; baseline 0.001 -22"><span class='ocrx_word' id='word_1_274' title='bbox 811 4451 1048 4509; x_wconf 80' lang='lat' dir='ltr'>taceum.</span> <span class='ocrx_word' id='word_1_275' title='bbox 1087 4448 1135 4507; x_wconf 84' lang='lat' dir='ltr'>A</span> <span class='ocrx_word' id='word_1_276' title='bbox 1173 4450 1327 4523; x_wconf 82' lang='lat' dir='ltr'>tergo</span> <span class='ocrx_word' id='word_1_277' title='bbox 1365 4446 1663 4521; x_wconf 70' lang='lat' dir='ltr'>vest³gium</span> <span class='ocrx_word' id='word_1_278' title='bbox 1703 4445 1956 4523; x_wconf 59' lang='lat' dir='ltr'>apircssi</span> <span class='ocrx_word' id='word_1_279' title='bbox 1998 4444 2177 4520; x_wconf 83' lang='lat' dir='ltr'>sigilli.</span> <span class='ocrx_word' id='word_1_280' title='bbox 2216 4448 2277 4501; x_wconf 91' lang='lat' dir='ltr'>In</span> <span class='ocrx_word' id='word_1_281' title='bbox 2317 4447 2550 4505; x_wconf 86' lang='lat' dir='ltr'>archivo</span> <span class='ocrx_word' id='word_1_282' title='bbox 2589 4446 2740 4505; x_wconf 81' lang='lat' dir='ltr'>civit.</span> <span class='ocrx_word' id='word_1_283' title='bbox 2778 4446 3101 4521; x_wconf 78' lang='lat' dir='ltr'>Zagrabiae.</span> 
     </span>
    </p>
   </div>
  </div>
 </body>
</html>
