3917 5592
2985 494 3115 555 267

555 708 930 768 mendamus
978 727 1092 787 per
1137 717 1478 787 presenteS,
1527 710 1698 787 quod
1744 728 1885 768 cum
1934 727 2051 768 nos
2098 728 2211 787 pro
2259 711 2533 787 quodam
2588 708 2853 790 negocio
2900 718 3114 769 nostro

558 815 622 875 in
670 817 821 876 sede
849 824 1064 875 nostra
1110 815 1432 876 iudiciaria
1478 815 1892 895 Zagrabiensi
1923 815 1987 877 in
2014 814 2265 876 civitate
2299 817 2831 891 convenissemuS,
2879 836 2953 876 eo
2984 824 3115 876 tum

553 923 776 983 nobilis
838 924 934 984 vir
978 925 1266 1001 Zthoyan
1311 942 1583 983 unacum
1646 924 1940 984 fratribus
1997 924 2126 984 suis
2188 926 2451 1001 Thoma,
2497 925 2756 1000 Mathia,
2804 925 3115 1005 Gregorio

555 1038 617 1090 et
661 1030 934 1091 Antonio
1002 1050 1076 1090 ac
1139 1030 1274 1090 aliis
1335 1030 1626 1091 fratribus
1677 1032 1824 1113 suiS,
1890 1052 2076 1093 omne
2142 1052 2303 1093 onus
2368 1042 2431 1094 et
2493 1052 2840 1114 gravamen
2897 1053 3113 1093 eorum

553 1156 630 1197 ex
681 1157 896 1197 eorum
944 1139 1262 1197 voluntate
1311 1157 1500 1216 super
1546 1159 1614 1198 se
1663 1140 2108 1200 assummendo
2154 1139 2361 1200 fassus
2392 1140 2580 1201 estin
2628 1142 2793 1201 hunc
2842 1142 3112 1214 modum,

552 1253 620 1303 ut
688 1244 820 1323 ipse
868 1246 1184 1324 quoddam
1254 1246 1786 1324 promonthorium
1833 1246 2067 1307 dictum
2118 1247 2511 1325 Chwylkoua
2561 1248 2845 1322 Goricza,
2900 1248 2963 1307 in
3010 1268 3111 1307 co-

551 1352 769 1411 mitatu
834 1351 1247 1433 Zagrabiensi
1310 1352 1582 1413 existens
1645 1364 1707 1415 et
1763 1355 2061 1429 habitum,
2128 1364 2191 1415 et
2254 1355 2493 1417 eisdem
2540 1356 2915 1442 hereditario
2977 1356 3110 1417 iure

554 1480 696 1520 cum
745 1460 872 1520 suis
919 1460 1212 1519 fratribus
1260 1462 1652 1539 provenienS,
1701 1462 1780 1521 ob
1829 1463 2287 1541 plantacionem
2334 1465 2721 1523 novellarum
2769 1463 3111 1537 vinearum,

551 1568 755 1645 ipsum
802 1568 1336 1646 promonthorium
1385 1568 1760 1647 quibuslibet
1813 1570 2165 1629 hominibus
2214 1571 2563 1631 volentibus
2608 1572 2889 1630 novellas
2936 1572 3109 1649 plan-

549 1684 684 1734 tare
733 1675 952 1734 vineas
1000 1675 1320 1735 dedissent
1385 1676 1499 1734 sub
1568 1675 1735 1735 omni
1800 1696 1993 1735 censu
2043 1677 2347 1737 dictarum
2394 1679 2737 1753 vinearum,
2793 1686 2862 1737 ut
2906 1677 3110 1756 predi-

551 1782 706 1841 citur
751 1783 1186 1860 plantatarum,
1234 1783 1548 1862 singulum
1597 1783 1890 1843 eubulum
1936 1784 2063 1844 vini
2111 1785 2256 1844 novi
2304 1805 2415 1845 seu
2449 1786 2668 1851 mustri
2701 1804 2815 1845 seu
2850 1805 3109 1845 censum

551 1898 660 1949 aut
704 1897 1074 1967 proventum
1103 1890 1325 1950 decimi
1374 1890 1580 1950 eubuli
1614 1890 1738 1950 vini
1772 1891 1935 1965 novi,
1970 1892 2047 1951 de
2082 1892 2343 1972 singulis
2376 1892 2575 1953 vineis
2623 1912 2839 1952 eorum
2889 1912 3105 1971 supra-

554 1996 732 2056 dictis
821 2005 1102 2075 ternpore
1162 1998 1674 2069 vindemiacionis
1753 2017 1971 2058 earum
2042 1998 2383 2074 vinearum,
2458 1999 2713 2078 prefatis
2782 2000 3110 2076 Zthoyano

553 2124 628 2164 ac
675 2104 981 2165 Matthiae
1055 2125 1154 2166 ac·
1194 2106 1328 2165 aliis
1399 2106 1625 2184 quibus
1699 2126 1909 2184 supra,
1975 2106 2269 2166 fratribus
2318 2108 2605 2167 videlicet
2668 2116 2731 2167 et
2774 2106 3111 2167 heredibus

549 2210 826 2289 ipsorum
872 2232 986 2291 pro
1035 2223 1312 2291 ternpore
1364 2211 1520 2272 vivis
1572 2212 1995 2287 existentibuS,
2044 2214 2283 2272 ratione
2332 2213 2581 2274 dominii
2642 2214 2917 2293 ipsorum
2964 2235 3105 2292 pos·

549 2319 900 2379 sessionum
969 2339 1203 2395 eorum,
1269 2319 1333 2379 in
1393 2320 1618 2399 quibus
1691 2320 1822 2399 ipse
1893 2320 2077 2379 vinee
2147 2322 2225 2380 de
2298 2340 2460 2379 novo
2521 2323 2797 2399 plantate
2862 2320 3107 2396 fuerint,

549 2427 812 2506 singulis
861 2426 1039 2486 annis
1088 2435 1151 2486 et
1195 2427 1580 2506 temporibus
1629 2428 1946 2505 perpetuis
1996 2429 2147 2488 dare
2196 2436 2258 2487 et
2285 2430 2529 2488 solvere
2564 2434 2639 2488 ac
2672 2429 3106 2489 administrare

551 2534 870 2593 debebunt
919 2542 980 2593 et
1025 2535 1417 2607 tenebuntur,
1465 2542 1649 2613 prout
1695 2534 1982 2594 benivole
2032 2544 2531 2613 assumpserunt;
2596 2538 2715 2596 hoc
2764 2537 2948 2596 etiam
3004 2556 3107 2597 ex-

548 2659 767 2718 presso
817 2649 880 2699 et
926 2640 1303 2718 specificam,
1350 2642 1518 2719 quod
1565 2640 1618 2700 si
1663 2642 1727 2701 in
1775 2660 1944 2715 casu,
1994 2662 2118 2720 quo
2165 2641 2426 2720 predicti
2472 2644 2853 2721 plantatores
2888 2651 2949 2703 et
2981 2645 3106 2703 cul-

547 2756 716 2807 tores
783 2748 1060 2827 ipsarum
1123 2749 1448 2808 vinearum
1508 2768 1833 2822 novarum,
1898 2758 2083 2827 prout
2143 2749 2269 2808 vivi
2320 2750 2657 2810 existentes
2713 2750 2774 2810 in
2820 2751 2949 2811 vita
3001 2760 3107 2811 aut

550 2854 768 2913 mortis
817 2854 1077 2914 articulo
1125 2874 1358 2929 eorum,
1407 2854 1724 2933 praefatas
1751 2854 1970 2915 vineas
2020 2855 2203 2915 alicui
2228 2856 2462 2916 homini
2493 2857 2768 2917 vendere
2803 2857 3108 2917 voluerint

547 2964 770 3042 quovis
819 2964 1118 3043 temporis
1159 2964 1220 3023 in
1253 2982 1570 3043 processu,
1621 2971 1847 3023 extvnc
1879 2963 1996 3043 ipsi
2029 2965 2410 3042 plantatores
2444 2972 2507 3023 et
2536 2966 2803 3023 cultores
2827 2964 3103 3042 ipsarum

548 3071 876 3132 vinearum
923 3091 1246 3146 novarum,
1296 3071 1554 3131 easdem
1601 3070 1818 3129 vineas
1868 3089 2084 3130 eorum
2133 3071 2364 3131 nemini
2412 3072 2605 3145 alteri,
2672 3071 2790 3130 nisi
2848 3071 3105 3149 prelatis

540 3180 868 3256 Zthoyano
917 3188 978 3239 et
1023 3180 1288 3239 Matthie
1339 3198 1413 3239 ac
1461 3179 1594 3238 aliis
1641 3177 1867 3256 quibus
1915 3197 2123 3257 supra,
2192 3178 2485 3238 iratribus
2550 3178 2839 3238 videlicet
2886 3186 2947 3238 et
2996 3179 3101 3238 he·

541 3286 792 3347 redibus
825 3287 1100 3365 ipsorum
1156 3306 1268 3365 pro
1300 3295 1580 3365 tempore
1611 3283 1790 3358 viviS,
1827 3293 1895 3344 ut
1923 3286 2260 3364 predicitur
2287 3285 2707 3361 existentibuS,
2742 3286 2804 3345 in
2836 3305 3101 3364 quorum

540 3394 835 3472 porcione
883 3394 1164 3455 eiusdem
1212 3393 1394 3454 vinee
1444 3395 1521 3453 de
1571 3413 1734 3453 novo
1802 3399 1945 3451 sunt
2007 3394 2301 3472 plantate,
2358 3393 2631 3453 vendere
2679 3394 2932 3453 valeant
2994 3402 3102 3453 aut

545 3503 802 3579 possint,
827 3502 1262 3582 praesencium
1292 3509 1647 3561 nostrarum
1675 3501 1896 3581 vigore
1929 3507 1991 3561 et
2014 3500 2367 3561 testimonio
2398 3500 2738 3560 litterarum
2768 3500 3099 3561 mediante.

541 3608 778 3670 Datum
806 3610 1139 3689 Zagrabie,
1171 3609 1327 3669 feria
1373 3610 1653 3669 secunda
1683 3608 1968 3688 proxima
1993 3618 2136 3687 post
2163 3608 2391 3668 festum
2420 3608 2809 3668 exaltationis
2843 3616 3099 3668 sanctae

538 3718 756 3792 cruciS,
804 3736 968 3777 anno
1017 3717 1250 3777 domini
1295 3716 1620 3777 millesimo
1668 3715 2286 3796 quadringentesimo
2319 3715 2804 3794 quadragesimo
2853 3722 3091 3794 quarto.

749 3860 791 3913 E
827 3875 1096 3928 processu
1121 3875 1158 3943 a
1194 3857 1348 3913 1682.
1387 3874 1580 3913 coram
1606 3858 1899 3927 Stephano
1924 3856 2227 3926 Pogledich
2258 3857 2555 3912 celebrato.
2594 3856 2657 3910 In
2683 3856 2915 3911 archivo
2936 3870 3096 3909 acca·

536 3948 757 4003 demine
794 3948 988 4003 scient.
1027 3948 1246 4002 Slavor.
1283 3946 1478 4002 meriti.
1515 3947 1838 4017 Zagrabiae.

1723 4250 1933 4320 2⁵2.

745 4471 930 4528 Anno
988 4466 1170 4529 1444.
1221 4446 1324 4527 282
1371 4467 1657 4532 octobris.
1703 4467 2078 4547 Zagrabiae.

745 4684 955 4744 Litera
1003 4681 1389 4743 attestatoria
1421 4682 1702 4741 Thomae
1733 4679 2181 4759 prothonotarii
2210 4678 2619 4740 cancellariae
2650 4676 2901 4736 illustris
2924 4676 3088 4755 prin-

532 4790 943 4869 cipisdomini
990 4790 1180 4849 Vlrici
1227 4788 1444 4864 Ciliae,
1492 4788 1958 4867 Orthemburge
2008 4795 2069 4846 et
2114 4786 2426 4867 Zagoriae
2489 4784 2729 4845 comitis
2796 4802 2872 4843 ac
2925 4801 3087 4843 mar-

531 4900 889 4958 durinarum
925 4898 986 4957 in
1021 4896 1266 4975 Campo
1313 4896 1726 4976 Zagrabiensi
1774 4904 1836 4954 et
1874 4894 2134 4974 Georgii
2182 4893 2450 4978 suppani
2480 4894 2557 4952 de
2588 4893 2810 4953 eodem
2844 4890 3089 4968 Campo

530 5005 959 5085 Zagrabiensi,
999 5004 1379 5083 ‘Zagrabiae,
1426 5002 1489 5063 in
1519 5002 1680 5063 festo
1710 5002 2037 5061 beatorum
2070 5001 2493 5078 apostolorum
2525 4999 2794 5059 Simonis
2828 5006 2890 5058 et
2920 5000 3089 5072 Iude,
