3917 5592
3007 438 3136 502 273

586 656 1043 717 dimensionem
1104 657 1298 736 vulgo
1368 656 1538 716 meth
1605 655 1833 719 dictam
1904 655 1969 715 in
2037 674 2106 716 se
2177 655 2614 730 continentem,
2687 655 2966 718 similiter
3033 674 3146 733 per

582 763 839 824 modum
892 761 1383 841 permutacionis
1450 769 1514 824 et
1558 760 1908 822 concambii
1971 760 2250 822 dedisset
2295 770 2358 821 et
2417 762 2786 824 contulisset
2841 769 3144 840 perpetuo

583 869 1067 948 possidendam3
1129 867 1281 928 item
1326 867 1607 947 prefatus
1653 869 1933 929 Thomas
1982 867 2237 946 insuper
2299 868 2521 928 totales
2568 875 2770 930 terras
2817 888 2966 930 suas
3013 877 3143 928 tam

584 977 783 1037 cultas
830 996 1021 1055 quam
1069 954 1333 1036 incultas
1381 975 1515 1035 sive
1564 975 1687 1035 sint
1733 974 2113 1036 sessionales
2180 975 2314 1036 sive
2361 994 2502 1050 non,
2552 995 2673 1055 que
2719 976 2924 1036 forent
2983 975 3143 1036 inter

580 1083 893 1163 predictas
956 1091 1156 1143 terras
1223 1083 1601 1143 sessionales
1664 1081 1859 1161 ipsius
1913 1081 2124 1162 Egidii
2187 1082 2512 1156 camificiS,
2561 1102 2672 1144 sex
2719 1083 3139 1146 dimensiones

576 1194 769 1272 vulgo
832 1192 1045 1268 methy
1108 1191 1307 1251 dictas
1374 1191 1436 1250 in
1502 1210 1572 1250 se
1642 1190 2049 1264 continenteS,
2098 1190 2176 1250 ab
2239 1190 2562 1252 occidente
2627 1199 2688 1250 et
2751 1192 2910 1252 inter
2973 1191 3138 1252 viam

578 1320 976 1361 communem
1026 1301 1105 1360 ab
1156 1300 1410 1375 oriente,
1460 1319 1534 1359 ac
1582 1301 1898 1379 quandam
1969 1309 2200 1360 terram
2247 1319 2427 1360 suam
2490 1301 2788 1361 arabilem
2837 1301 2951 1362 sub
3001 1321 3137 1380 pre-

580 1407 758 1469 dictis
823 1407 1003 1467 terris
1073 1406 1519 1468 sessionalibus
1588 1425 1700 1466 sex
1765 1405 2224 1466 dimensionum
2295 1408 2486 1486 vulgo
2550 1408 2760 1483 methy
2831 1407 3134 1468 dictarum

582 1516 807 1594 prefati
834 1491 1060 1596 'Egidii
1124 1515 1432 1574 carnificis
1478 1514 1775 1588 habitam,
1838 1515 1921 1573 ad
1984 1513 2370 1574 latitudinem
2442 1516 2780 1576 earundem
2831 1523 3132 1576 terrarum

582 1623 906 1684 arabilium
958 1642 1067 1682 sex
1131 1621 1587 1682 dimensionum
1648 1621 1861 1697 methy
1927 1621 2232 1680 dictarum
2295 1621 2489 1699 ipsius
2558 1621 2764 1702 Egidii
2829 1623 3134 1682 carnificis

576 1750 645 1790 se
701 1731 1156 1803 extendentem,
1220 1731 1378 1789 duas
1442 1729 1861 1789 dimensiones
1926 1729 2097 1808 wlgo
2143 1729 2356 1805 methy
2421 1729 2618 1790 dictas
2681 1729 2743 1790 in
2807 1750 2877 1791 se
2941 1731 3134 1790 conti-

574 1845 842 1911 nentem,
916 1857 1110 1914 penes
1172 1838 1489 1915 quandam
1559 1844 1791 1896 terram
1863 1835 2163 1896 arabilem
2227 1836 2507 1898 eiusdem
2556 1837 2762 1916 Egidii
2825 1837 3132 1898 carnificis

575 1944 1009 2022 quartaliciam
1038 1945 1221 2004 sitam
1266 1952 1331 2004 et
1378 1944 1762 2017 existentem,
1794 1943 1977 2002 simul
2007 1963 2151 2003 cum
2181 1943 2470 2003 omnibus
2503 1963 2722 2003 earum
2755 1945 3134 2020 utilitatibus,

576 2050 996 2128 proventibuS,
1068 2051 1300 2126 usibuS,
1367 2049 1899 2110 fructuositatibus
1947 2059 2012 2111 et
2073 2051 2471 2128 pertinenciis
2542 2051 2866 2124 universiS,
2929 2051 3130 2112 eidem

574 2158 799 2239 Egidio
847 2158 1138 2233 carnifici,
1188 2159 1425 2219 sororio
1472 2177 1607 2232 suc,
1654 2177 1767 2236 pro
1829 2157 2041 2238 fatigis
2105 2169 2168 2218 et
2233 2160 2521 2236 expensis
2583 2160 2729 2234 suis,
2793 2180 2950 2239 quas
2997 2160 3132 2238 ipse

570 2265 832 2345 Egidius
881 2265 1155 2326 carnifex
1202 2266 1267 2326 in
1314 2265 1689 2346 litigionario
1738 2285 1852 2325 suo
1900 2284 2200 2344 processu
2249 2285 2389 2326 cum
2437 2271 2678 2344 pretato
2727 2268 2972 2328 Thoma
3019 2268 3130 2327 liti—

567 2375 779 2452 gando
837 2373 1051 2432 habito
1116 2392 1454 2452 perpessus
1522 2381 1619 2432 est
1664 2381 1727 2434 et
1774 2372 2084 2452 expendit,
2131 2374 2410 2434 dedisset
2455 2383 2518 2434 et
2565 2375 2942 2448 contulisset,
3005 2375 3130 2434 imo

570 2480 741 2540 dedit
781 2489 845 2541 et
875 2481 1133 2540 contulit
1162 2489 1465 2559 perpetuo
1497 2481 1959 2560 possidendam.
2009 2481 2366 2560 Assumpsit
2411 2483 2842 2544 nichilominus
2874 2485 3130 2562 insuper

566 2587 734 2647 idem
796 2589 1076 2648 Thomas
1148 2588 1311 2648 filius
1358 2589 1552 2667 ipsius
1620 2590 1889 2654 condam
1936 2589 2135 2650 Marci
2183 2591 2423 2670 supani,
2470 2591 2778 2671 prefatum
2833 2591 3126 2673 Egidium

567 2694 939 2769 carnificem,
988 2696 1295 2756 sororium
1345 2717 1545 2771 suum,
1592 2697 1655 2757 in
1702 2699 1886 2776 pleno
1920 2707 1984 2757 et
2013 2699 2276 2777 pacifico
2325 2699 2598 2759 dominio
2645 2707 2833 2778 atque
2879 2719 3128 2778 posses·

566 2802 741 2862 sione
788 2810 918 2862 tam
950 2804 1371 2882 predictarum
1404 2824 1593 2884 quam
1655 2805 2190 2883 infrascriptarum
2223 2805 2656 2866 universarum
2697 2825 2951 2866 suarum
2983 2827 3125 2885 pos—

567 2909 885 2970 sesionum
934 2918 997 2970 et
1041 2911 1408 2990 porcionum
1473 2913 2108 2991 possessionariarum
2167 2913 2668 2992 quartaliciarum
2717 2915 2779 2974 in
2825 2915 3126 2977 heredum

567 3018 837 3076 heredes
869 3027 933 3077 et
962 3026 1249 3096 posteros
1297 3018 1491 3097 ipsius
1523 3019 1732 3100 Egidii
1779 3020 2105 3093 carnificis,
2139 3021 2358 3080 sororii
2391 3020 2485 3082 sui
2517 3021 2862 3096 universOS,
2911 3030 3127 3082 contra

546 3124 877 3208 ‚quoslibet
906 3125 1262 3206 illegitimos
1294 3127 1678 3205 impetitores
1708 3136 1771 3187 et
1801 3128 2254 3202 molestatoreS,
2287 3139 2349 3188 et
2381 3129 2705 3210 signanter
2737 3139 2953 3190 contra
2984 3149 3122 3208 pre-

564 3231 797 3292 dictum
843 3233 1233 3310 Stephanum
1266 3235 1497 3293 dictum
1546 3235 2012 3311 Kwuenchyeh,
2059 3236 2251 3295 filium
2298 3235 2492 3314 ipsius
2526 3238 2777 3298 Andree
2825 3237 2930 3296 filii
2979 3237 3122 3297 dieti

566 3337 811 3398 Nicolai
859 3338 937 3398 de
985 3340 1227 3418 prefata
1256 3341 1489 3416 Mlaka,
1536 3348 1600 3400 et
1647 3349 1861 3401 contra
1892 3343 2202 3421 prefatum
2250 3343 2658 3404 Benedictum
2703 3343 2896 3406 filium
2929 3345 3122 3423 ipsius

562 3446 737 3505 Petri
764 3447 1148 3523 Zrynschak,
1197 3467 1501 3528 generum
1550 3469 1701 3509 vero
1746 3451 2009 3528 predicti
2055 3451 2316 3531 Georgii
2361 3451 2468 3511 filii
2515 3451 2706 3530 ipsius
2754 3453 2994 3513 Nicolai
3043 3455 3120 3513 de

560 3553 729 3613 dicta
777 3554 1011 3625 Mlaka,
1056 3555 1232 3630 tueri,
1279 3565 1613 3637 protegere
1662 3565 1724 3616 et
1754 3543 2101 3632 defensare,
2148 3557 2412 3636 propriis
2460 3559 2588 3618 suis
2621 3560 2986 3638 sumptibus,
3034 3561 3119 3619 la-

558 3660 813 3720 boribus
860 3669 925 3720 et
971 3663 1294 3740 expensis;
1346 3683 1379 3723 e
1429 3683 1737 3724 converso
1787 3673 1994 3724 autem
2044 3665 2322 3744 prefatus
2369 3666 2632 3746 Egidius
2679 3667 2970 3742 carnifex,
3019 3688 3118 3728 so-

560 3766 757 3826 rorius
805 3768 999 3846 ipsius
1046 3769 1289 3829 Thome
1332 3770 1439 3829 filii
1488 3771 1631 3830 dicti
1680 3771 1881 3831 Marci
1928 3772 2169 3850 supani,
2217 3772 2486 3833 eundem
2532 3773 2819 3834 Thoman
2865 3775 3116 3835 racione

561 3877 841 3953 predicte
870 3879 1251 3956 potenciarie
1298 3878 1736 3958 occupacionis
1802 3889 1863 3938 et
1908 3880 2293 3939 detencionis
2355 3882 2774 3960 predictarum
2821 3891 2886 3942 et
2931 3883 3114 3942 infra-

554 3983 931 4062 scriptarum
981 3985 1412 4045 universarum
1460 3986 1929 4064 possessionum
1978 3995 2040 4046 et
2071 3987 2434 4065 porcionum
2481 3989 3114 4066 possessionariarum

556 4090 1066 4168 quartaliciarum
1130 4091 1411 4151 eiusdem
1472 4093 1686 4173 Egidii
1733 4093 2059 4168 carnificiS,
2109 4113 2184 4153 ac
2233 4095 2482 4155 racione
2547 4095 2926 4174 potenciarie
2975 4115 3112 4175 per-

558 4197 871 4275 cepcionis
944 4217 1167 4258 usuum
1240 4207 1303 4258 et
1371 4199 1685 4259 fructuum
1756 4220 1831 4260 ac
1893 4202 2311 4280 quarumlibet
2372 4203 2702 4264 utilitatum
2771 4206 3111 4265 earundem

562 4304 1065 4383 quartaliciarum
1129 4308 1599 4384 possessionum
1660 4315 1724 4367 et
1784 4309 2150 4386 porcionum
2215 4309 2852 4388 possessionariarum
2917 4311 3110 4390 ipsius

552 4412 762 4492 Egidii
811 4412 1138 4485 carnificis,
1202 4433 1317 4492 per
1362 4413 1563 4492 ipsum
1630 4416 1939 4475 Thomarn
2003 4417 2160 4477 infra
2223 4417 2504 4495 spacium
2551 4419 2824 4497 ipsorum
2891 4420 3108 4478 decem

554 4539 861 4579 annorum
908 4519 1113 4579 minus
1160 4521 1337 4596 iuste,
1388 4531 1455 4581 ut
1500 4523 1852 4600 predicitur,
1918 4524 2086 4584 facte
2131 4533 2196 4583 et
2240 4533 2614 4604 perpetrate,
2675 4545 2792 4586 nec
2839 4545 2965 4586 non
3011 4545 3108 4586 ra·

552 4627 729 4686 cione
798 4628 1217 4705 predictarum
1282 4629 1623 4710 fatigarum
1668 4639 1732 4690 et
1779 4650 2196 4709 expensarum
2255 4631 2451 4710 ipsius
2515 4633 2721 4712 Egidii
2784 4633 3107 4706 carnificiS,

552 4753 707 4814 quas
756 4735 891 4813 ipse
938 4735 1201 4816 Egidius
1264 4737 1537 4798 carnifex
1586 4739 1647 4797 in
1695 4738 1974 4817 predicto
2021 4739 2396 4820 litigionario
2443 4760 2559 4800 suo
2605 4759 2905 4818 processu
2965 4760 3106 4802 cum

550 4841 792 4919 prefato
842 4843 1085 4902 Thoma
1117 4844 1437 4924 litigando,
1486 4846 1809 4925 hucusque
1838 4866 2176 4924 perpessus
2211 4846 2513 4908 extitisset
2542 4867 2654 4908 seu
2689 4848 3104 4927 expendisset,

549 4948 827 5026 quietum
905 4957 973 5008 et
1036 4951 1395 5028 expeditum
1465 4952 1839 5012 reddidisset
1898 4963 1961 5013 et
2023 4955 2454 5028 commisisset,
2519 4955 2643 5022 imo
2708 4954 2976 5016 reddidit
3041 4964 3109 5016 et

2897 5057 2963 5112 18
