3917 5592
2990 440 3078 499 47

518 666 715 717 natur.
810 657 1043 716 Datum
1112 656 1267 717 seria
1336 656 1553 735 quinta
1623 656 1909 735 proxima
1980 664 2124 716 ante
2197 656 2426 715 festum
2501 653 2841 715 natiuitatis
2912 658 3080 725 beati

514 764 805 825 Iohannis
851 763 1151 843 Baptiste,
1201 783 1365 823 anno
1414 770 1631 824 autem
1672 762 1961 842 superius
2011 764 2194 823 dicto.

728 904 771 956 Ε
809 902 1393 957 consu-mationalibus
1450 902 1639 956 Karoli
1680 902 1827 971 regis
1881 918 1932 957 a.
1973 902 2130 957 1331.
2185 903 2236 958 6.
2277 903 2540 973 octobriS,
2596 919 2697 972 per
2733 903 3080 973 Ludovpicum

518 1008 705 1061 regem
758 1009 811 1046 a.
851 990 1009 1046 1342.
1066 992 1117 1045 9.
1156 991 1403 1047 octobris
1459 995 1516 1045 et
1568 990 1775 1045 iterum
1830 1007 1880 1045 a.
1923 990 2079 1047 1354.
2131 992 2216 1046 29.
2253 992 2588 1061 septembris
2639 991 2944 1047 ratificatiffi
3019 992 3082 1046 In

511 1082 745 1141 archivo
783 1082 1057 1138 comitum
1094 1080 1407 1147 Draskovic
1444 1082 1503 1137 in
1542 1096 1672 1139 arce
1694 1080 2056 1139 Trakoscan.

1719 1369 1871 1440 40.
1946 1460 1949 1465 Ι
2039 1354 2044 1357 ¹

726 1572 911 1632 Anno
968 1568 1151 1632 1331.
1200 1569 1258 1632 6.
1308 1570 1597 1632 octobriS.
1652 1572 1720 1631 In
1766 1530 2132 1651 vissegrad.

514 1764 823 1830 Karolus
854 1750 1279 1851 Hungariae
1307 1768 1425 1830 ete.
1458 1785 1596 1843 rex,
1629 1764 1878 1829 literas
1908 1764 2207 1849 capituli
2236 1763 2555 1829 ecclesiae
2587 1756 3083 1851 Zagrabiensis

518 1893 586 1936 a.
632 1888 780 1953 1331.
858 1890 965 1938 20.
1013 1874 1225 1951 iunii,
1292 1878 1504 1957 super
1555 1876 1838 1958 peracta
1882 1872 2264 1937 statutione
2325 1872 2791 1957 possessionis
2859 1858 3084 1960 Chehy

498 1978 861 2065 fratribus
891 1984 958 2045 et
989 1980 1153 2065 filio
1188 1979 1511 2045 Ladislai
1548 1982 1927 2059 emanatas,
1968 1985 2100 2064 pro
2124 1983 2327 2065 parte
2371 1979 2681 2046 Martini
2705 1984 2772 2045 et
2803 1981 3084 2047 Nicolai

501 2086 691 2173 filiis
736 2087 916 2153 dicti
961 2088 1302 2166 Ladislai,
1349 2087 1650 2167 Nicolai,
1697 2088 2086 2167 Dominici,
2135 2087 2472 2172 Stephani
2516 2092 2582 2153 et
2627 2089 2859 2156 Iacobi
2893 2090 3084 2176 filiis

743 2194 969 2261 Abrae
1002 2194 1157 2281 filii
1195 2194 1508 2281 praefati
1555 2194 1880 2260 Ladislai
1924 2193 2008 2259 de
2053 2194 2407 2273 Rakonuk‚
2455 2195 2841 2280 confirmat.
2861 2228 2875 2231 -

728 2397 863 2457 Nos
910 2396 1183 2457 Karolus
1244 2396 1347 2457 dei
1404 2396 1626 2477 gracia
1672 2414 1782 2456 rex
1828 2397 2173 2476 Hungarie,
2223 2396 2521 2473 memorie
2570 2370 3082 2469 commendantes

515 2512 730 2563 tenore
799 2503 1194 2584 presencium
1240 2502 1669 2584 significamus
1740 2502 1967 2584 quibus
2015 2483 2264 2583 expedit
2327 2494 2654 2579 vniuersis‘,
2724 2505 2892 2583 quod
2940 2496 3082 2564 cum

516 2613 596 2672 ad
644 2611 1035 2689 presenciam
1084 2619 1294 2672 nostre
1315 2616 1322 2620 “
1343 2612 1687 2672 maiestatis
1736 2592 2122 2686 accedendo,
2164 2602 2474 2671 Martinus
2523 2602 2585 2671 et
2629 2612 2928 2672 Nicolaus
2974 2612 3083 2673 filii

515 2719 805 2794 Ladislai,
874 2719 1191 2793 Nicolaus,
1261 2718 1643 2794 DominicuS,
1713 2719 2073 2797 Stephanus
2109 2718 2196 2779 'et
2255 2718 2528 2779 Iacobus
2587 2718 2694 2779 filii
2757 2719 2928 2779 Abre
2976 2720 3083 2781 filii

517 2826 798 2886 eiusdem
844 2826 1135 2900 Ladislai,
1167 2826 1386 2887 fideles
1434 2825 1630 2885 nostri
1678 2827 1755 2885 de
1803 2826 2129 2901 Rakonuk,
2181 2844 2422 2904 sueque
2452 2824 2768 2895 fidelitatis
2815 2825 3090 2887 seruicia-

519 2952 558 2995 a
602 2934 809 2995 multis
858 2933 1243 3012 temporibus
1292 2932 1617 2993 retroactis
1666 2952 1809 2992 cum
1856 2932 2198 2993 desiderio*
2215 2951 2508 3010 supreme
2537 2932 2879 2992 fidelitatis
2926 2933 3083 2993 voti-

513 3061 717 3120 neque
764 3042 1191 3123 sollicitudinis
1225 3042 1575 3123 diligencia,
1622 3041 1802 3101 nobis
1834 3050 1897 3101 et
1926 3050 2144 3101 sancte
2193 3060 2440 3101 corone·
2469 3040 2644 3122 regie
2692 3041 3078 3119 temporibus

512 3148 877 3228 opportunis
925 3149 1193 3211 exhibite
1236 3149 1520 3228 impensa
1569 3148 2008 3227 exposuissent
2053 3156 2118 3208 et
2146 3148 2210 3207 in
2245 3146 2613 3212 memoriam
2662 3154 3082 3220 reuocassent,

512 3255 829 3333 quandam
862 3256 1341 3335 possessionem
1390 3256 1613 3333 Chehy
1658 3264 1970 3331 vocatam,
2041 3256 2107 3316 in
2155 3256 2453 3316 comitatu
2497 3256 2911 3337 Zagrabiensi
2955 3256 3098 3316 exi-.

514 3369 795 3437 stentem,
866 3364 1043 3427 iuxta.
1068 3365 1344 3427 ‚fluuium
1417 3366 1613 3444 Zawa
1680 3365 1881 3439 sitam,
1930 3372 2150 3424 nostre
2197 3365 2521 3424 collacioni
2566 3364 2996 3443 pertinentem,
3046 3383 3084 3424 a

513 3471 693 3535 nobis
741 3471 858 3531 sibi
905 3472 1039 3533 dari
1089 3476 1155 3533 et?
1198 3472 1465 3533 conferri
1534 3481 1839 3551 perpetuo
1886 3473 2327 3551 postulassent,
2400 3490 2640 3550 nosque
2687 3471 2860 3532 iuxta
2905 3474 3096 3552 regni-

514 3578 709 3639 nostri
755 3579 1273 3641 consuetudinem
1306 3580 1383 3639 ab
1418 3580 1673 3658 antiquo
1722 3580 2154 3659 approbatam,
2201 3579 2488 3639 fidelibus
2537 3578 2765 3638 nostris
2815 3580 3083 3657 capitulo

514 3686 775 3747 ecclesie
826 3686 1308 3767 Zagrabiensi&
1370 3696 1447 3749 ‘vt
1490 3688 1807 3748 hominem
1856 3706 2076 3746 eorum
2144 3687 2551 3767 fidedIgnum‚
2622 3705 2744 3766 quo
2767 3720 2772 3723 ·
2793 3696 3084 3766 presente

514 3794 806 3871 Mychael
852 3794 1011 3857 filius
1059 3795 1289 3883 Paulus
1338 3796 1447 3855 ‚vel
1508 3796 1757 3855 Etetlen
1808 3796 1901 3854 de.
1933 3794 2255 3868 Moracha,
2322 3795 2516 3854 altero
2565 3795 2844 3869 abs-ente,
2895 3796 3082 3861 homo

514 3910 742 3976 noster,
810 3903 1027 3963 vicinis
1077 3910 1141 3963 et
1187 3903 1635 3983 commetaneis
1706 3904 1990 3963 eiusdem
2037 3902 2455 3981 possessionis
2520 3901 2900 3977 conuocatiS‚
2969 3922 3082 3982 per

514 4016 759 4071 veteres
806 4018 1007 4071 metas
1055 4019 1118 4069 et
1164 4009 1470 4088 antiquas,
1537 4009 2046 4071 reambulacione
2091 4010 2276 4083 facta,
2346 4010 2498 4089 ipsis
2544 4009 2818 4070 Martino
2866 4019 2929 4069 et
2971 4010 3080 4070 Ni-

514 4117 691 4179 colao
738 4116 876 4179 filiis
924 4116 1214 4191 Ladislai,
1263 4118 1541 4192 Nicola0,
1590 4116 1935 4192 DominicO,
1984 4118 2306 4195 Stephano
2343 4126 2406 4177 et
2445 4118 2677 4178 Iacobo
2723 4118 2863 4178 filiis
2910 4118 3080 4178 Abre

512 4224 619 4289 filii
666 4223 947 4286 eiusdem
993 4225 1283 4299 Ladislai,
1333 4225 1893 4285 contradictoribus
1940 4244 2065 4285 non
2099 4225 2545 4303 apparentibus
2593 4232 2898 4286 statueret
2943 4246 3080 4305 per-

517 4340 707 4409 petuo
754 4333 1218 4411 possidendam,
1286 4335 1543 4395 tandem
1589 4334 1787 4395 tocius
1835 4333 1984 4394 facti
2031 4334 2255 4394 seriem
2327 4334 2592 4394 fideliter
2639 4334 2818 4394 nobis
2867 4334 3082 4394 rescri-

513 4439 661 4501 bere
696 4446 759 4499 et
789 4441 1208 4502 transmittere
1257 4441 1530 4501 debeant
1560 4442 2058 4516 mandassemuS,
2109 4461 2184 4501 ac
2214 4451 2426 4501 tamen
2475 4442 2710 4502 dictum
2739 4441 3102 4519 capitulum.

514 4564 702 4624 super
759 4547 859 4609 his
920 4547 1391 4627 rescripserunt·
1421 4548 1601 4609 nobis
1664 4548 1727 4608 in
1793 4549 1909 4608 hec
1950 4549 2181 4609 verba:
2255 4550 2334 4625 (V
2358 4550 2380 4608 i
2405 4550 2446 4608 d
2471 4568 2506 4609 e
2577 4548 2618 4609 d
2642 4568 2679 4608 o
2707 4568 2757 4607 c.
2833 4567 2874 4626 p
2900 4552 2931 4607 ‘r
2957 4568 2996 4608 a
3022 4568 3084 4609 e-

514 4654 849 4721 cedens
890 4654 1135 4719 ,anni
1185 4651 1370 4715 1331.
1420 4654 1523 4718 20.
1570 4656 1810 4718 iunii
1872 4656 2033 4717 sub
2097 4657 2212 4716 No.
2263 4655 2412 4731 45.).
2503 4656 2636 4715 Nos
2683 4656 2895 4734 itaque
2943 4675 3084 4735 pre-

512 4761 884 4840 scriptarum
930 4761 1251 4827 literarum
1298 4762 1445 4827 dieti
1478 4762 1731 4842 capituli
1774 4763 2055 4823 fidelium
2084 4773 2441 4824 nostrorum
2488 4782 2700 4841 super.
2729 4764 3082 4823 statucione

518 4865 681 4927 dicte
730 4868 1148 4949 possessionis
1204 4868 1463 4947 [eisdem
1508 4868 1803 4948 Martino]
1855 4879 1918 4931 et
1961 4870 2224 4943 Nicolao
2271 4868 2410 4929 filiis
2458 4869 2748 4943 Ladislai,
2795 4870 3074 4945 Nicola0,

508 4970 850 5057 Dominico,
909 4956 1229 5062 Stephano
1274 4986 1340 5052 et
1382 4978 1610 5051 Iacobo
1672 4978 1811 5053 filiis
1858 4978 2031 5051 Abre
2095 4978 2204 5044 filii
2251 4977 2536 5050 eiusdem
2581 4977 2886 5050 Ladislai,
2906 4979 3102 5059 iuste
