3917 5592
831 419 966 492 346

1034 639 1324 710 Originale
1360 640 1809 712 membraneum,
1866 655 1903 697 a
1939 655 2086 697 zona
2121 636 2336 698 sericea
2371 635 2570 698 viridis
2621 635 2827 698 coloris
2865 634 3074 712 pendet
3122 634 3386 712 sigillum,

826 731 1101 786 exhibens
1140 733 1375 802 galeam,
1416 733 1503 786 cui
1545 748 1617 786 ex
1654 737 1888 801 utraque
1926 735 2086 802 parte
2123 731 2376 801 singulus
2413 733 2786 803 ramusculus,
2839 735 2894 786 et
2935 749 3106 803 supra
3143 733 3380 787 eandem

824 822 987 876 stella
1024 821 1213 891 posita
1248 837 1373 876 esse
1400 825 1651 892 apparet,
1690 821 2053 876 circumcirca
2076 822 2147 876 de
2175 823 2540 892 inscriptione
2578 823 2684 904 legi
2723 825 2936 892 potest:
2976 819 3034 894 †‚
3057 822 3112 878 S.
3141 821 3386 877 IOHAN-

823 910 937 964 NIS
976 949 1200 965 .....
1240 909 1506 979 (sigillum
1556 911 1827 971 Iohannis
1868 953 1879 965 .
1920 953 1931 966 .
1973 952 1984 986 ·.
2025 951 2040 966 .
2076 911 2134 982 .).
2175 912 2338 981 Apud
2377 912 2626 966 nobilem
2677 901 3009 966 Michaelem
3049 912 3292 966 Kusevic
3330 912 3390 965 in

826 999 991 1054 Pleso
1031 999 1136 1053 No.
1170 999 1218 1053 6.

2023 1284 2240 1358 300.

1043 1505 1229 1566 Anno
1284 1503 1469 1567 1455.
1522 1502 1617 1566 16.
1663 1504 1830 1566 iunii.
1881 1505 2253 1587 Zagrabiae.

838 1717 1090 1784 Coram
1150 1717 1401 1784 Vlrico·
1426 1716 1755 1784 Kostibol‘
1808 1715 2057 1784 comite
2106 1717 2354 1803 Campi
2419 1711 2916 1803 Zagrabiensis
2960 1739 3043 1784 ae
3089 1706 3396 1783 Iohanne

821 1825 983 1912 filio
1018 1825 1379 1891 Benedicti
1411 1824 1729 1911 Jagnych
1754 1825 1837 1889 de
1868 1825 2108 1910 Super.
2158 1825 2542 1905 Lokawecz‚
2589 1827 2838 1890 comite
2885 1819 3392 1891 terr.'eiusdem

838 1933 1103 2018 Campi,
1150 1931 1483 1998 Michaeli
1536 1932 1831 2011 literatO,
1883 1930 2046 2017 filio
2094 1931 2456 1998 Benedicti
2501 1932 2583 1997 de
2637 1925 3078 2017 Gyuletynczg
3143 1935 3392 2017 quarta

1701 2039 2045 2125 puellaris
2088 2037 2514 2124 assignatur.
3393 2029 3396 2034 ¹

1048 2260 1183 2319 Nos
1230 2259 1475 2319 Vlricus
1538 2258 1824 2319 Kostibol
1886 2276 2100 2319 comes
2147 2255 2375 2337 Campi
2438 2258 2884 2340 Zagrabiensis
2948 2277 3023 2319 ac
3085 2251 3392 2318 [ohannes

834 2366 997 2427 filius
1046 2369 1313 2428 condam
1359 2367 1681 2427 Benedicti
1751 2367 1976 2446 supani
2012 2367 2304 2447 Jagnych
2352 2367 2497 2427 dicti
2546 2368 2624 2427 de
2671 2366 2990 2445 Superiori
3037 2366 3388 2426 Lokawecz

834 2493 1046 2534 comes
1092 2474 1405 2535 terrestris
1452 2473 1735 2535 eiusdem
1782 2473 2010 2554 Campi
2047 2474 2357 2534 memorie
2420 2475 2933 2535 commendamus
2993 2467 3209 2534 tenore
3255 2491 3392 2551 pre-

770 2629 785 2640 .
834 2583 1116 2643 sencium
1162 2583 1589 2664 significantes
1638 2582 1864 2661 quibus
1912 2583 2164 2662 expedit
2211 2582 2534 2658 universiS‚
2598 2583 2766 2663 quod
2813 2602 2957 2642 cum
3003 2599 3118 2642 nos
3170 2582 3250 2641 ad
3305 2580 3394 2640 in-

840 2698 1113 2752 stantem
1178 2691 1555 2770 peticionem
1624 2690 1951 2751 Michaelis
2022 2685 2289 2766 litterati,
2358 2691 2466 2750 filii
2515 2691 2782 2751 condam
2851 2689 3172 2750 Benedicti
3221 2688 3397 2749 aliter

830 2799 1129 2859 Benchek
1176 2787 1403 2859 voeati³
1431 2799 1509 2858 de
1557 2797 1967 2874 Gyuletyncz,
2031 2797 2138 2857 filii
2187 2791 2456 2858 condam
2503 2797 2752 2857 domine
2815 2797 2996 2857 Flore
3059 2796 3181 2856 filie
3228 2795 3396 2872 olym

828 2891 1010 2966 'Petri
1071 2905 1179 2966 filii
1238 2905 1540 2984 Stephani
1587 2906 1666 2966 de
1713 2907 1941 2979 Losan‚
2013 2913 2076 2966 et
2134 2924 2350 2965 sorore
2395 2905 2638 2966 uterina
2699 2893 2773 2965 ac
2819 2897 3083 2965 carnali¹
3130 2895 3397 2964 condam

838 3013 1145 3094 Gyurgek
1178 3022 1240 3074 et
1270 3007 1473 3074 Marci
1519 3013 1663 3074 dicti
1702 3009 1950 3093 Kopoz,
1999 3014 2265 3075 filiorum
2311 3014 2534 3092 prefati
2581 3015 2849 3074 condam
2895 3013 3064 3073 Petri
3110 3013 3218 3073 filii
3251 3012 3398 3072 dicti

834 3115 1155 3200 Stephani,
1204 3129 1267 3182 et
1299 3122 1380 3182 ad
1410 3121 1747 3182 instantem
1792 3111 2446 3200 peticionem'Andree
2495 3121 2672 3182 aliter
2719 3113 2972 3197 Endrey
3017 3119 3242 3194 vocati,
3290 3119 3397 3179 filii

838 3230 1106 3290 condam
1153 3229 1413 3309 Georgii
1461 3227 1606 3289 dicti
1654 3228 2056 3306 Duczowych
2104 3229 2183 3289 de
2231 3228 2696 3306 Gustynnycza,
2745 3247 2822 3288 ex
2856 3229 3082 3288 eodem
3121 3228 3396 3287 condam

841 3336 1242 3412 Ducizowych
1290 3343 1353 3396 et
1398 3354 1476 3396 ex
1522 3335 1712 3395 nobili
1762 3337 2028 3396 condam
2077 3335 2330 3396 domina
2375 3336 2614 3397 Florisa
2677 3344 2920 3411 vocata,
2967 3335 3094 3396 filia
3138 3333 3398 3413 predicti

846 3439 1114 3505 condam
1160 3443 1329 3504 Petri
1376 3443 1484 3504 filii
1531 3436 1726 3522 ipsius
1774 3446 2042 3505 condam
2072 3443 2376 3523 Stephani
2408 3445 2486 3504 de
2520 3444 2687 3505 dicta
2731 3444 2960 3519 Losan‚
3008 3461 3221 3503 sorore
3247 3460 3398 3502 vero

843 3551 1085 3614 uterina
1134 3559 1197 3612 et
1243 3551 1493 3612 carnali‘
1523 3551 1718 3630 ipsius
1766 3553 2035 3613 condam
2089 3553 2338 3613 domine
2403 3553 2583 3612 Flore
2634 3559 2697 3612 et
2742 3552 3047 3612 dictorum
3095 3549 3400 3631 Gyurgek

846 3679 922 3720 ac
950 3658 1152 3720 Marci
1182 3655 1405 3738 Kopoz
1440 3658 1741 3740 legittime
1770 3660 2082 3740 progeniti
2114 3667 2178 3720 et
2207 3659 2532 3738 procreati,
2564 3659 2802 3719 nobiles
2835 3659 3002 3718 viros
3049 3645 3398 3735 Ztoyanum

842 3767 1036 3827 filium
1084 3767 1325 3828 Thome
1374 3768 1451 3827 de
1500 3766 1743 3845 prefata
1790 3767 2242 3845 Gustynnycza
2267 3774 2330 3828 et
2351 3767 2762 3828 Benedictum
2807 3765 3124 3845 Krupyeh·
3148 3766 3397 3840 dictum,

842 3894 1147 3956 generum
1194 3875 1461 3935 condam
1508 3874 1769 3954 Georgii
1815 3875 1893 3934 de
1908 3905 1923 3922 ·
1940 3875 2175 3949 Mlaka,
2220 3873 2591 3955 iobagiones
2638 3873 2926 3934 videlicet
2971 3881 3218 3933 nostros
3249 3865 3402 3932 fi'dess

844 3974 1109 4063 dignos(
1136 3984 1215 4043 de
1262 3983 1412 4043 sede
1482 3991 1697 4043 nostra
1765 3981 2089 4043 iudiciaria
2158 3982 2342 4042 solita
2401 3981 2830 4063 Zagrabiensi‚
2902 3981 3060 4042 feria
3119 3981 3398 4041 secunda

840 4089 1124 4170 proxima
1158 4098 1315 4174 *ante
1361 4089 1591 4150 festum
1613 4089 2042 4168 *sacratissimi
2089 4089 2366 4169 corporis
2414 4088 2646 4149 domini
2712 4089 2906 4148 nostri
2952 4090 3091 4149 Iesu
3142 4088 3392 4162 Christi,

841 4216 1009 4258 nunc
1046 4197 1327 4276 proxime
1360 4198 1739 4276 preteritum,
1770 4198 1852 4257 ad
1882 4196 2343 4276 infrascriptam
2372 4196 2878 4276 quartaliciarum
2925 4196 3396 4275 possessionum

841 4313 913 4366 et·
948 4302 1313 4384 porcionum
1359 4305 1994 4383 possessionariarum
2039 4304 2571 4382 infrascriptarum
2618 4304 3040 4382 predictorum
3069 4303 3398 4364 Michaelis

840 4409 1091 4472 litterati
1140 4420 1202 4472 et
1248 4413 1501 4473 Andree
1550 4407 1727 4472 aliter
1772 4412 2027 4488 Endrey
2057 4411 2283 4487 vocati,
2331 4411 2501 4490 ipsos
2546 4411 2833 4472 videlicet
2879 4411 3256 4472 Michaelem
3300 4411 3394 4470 lit-

840 4517 1108 4580 teratum
1150 4536 1194 4579 'a
1240 4520 1521 4598 predicta
1568 4519 1835 4580 condam
1899 4519 2152 4580 domina
2214 4521 2400 4579 Flora
2445 4527 2688 4595 vocata,
2752 4538 2894 4579 awa
2947 4518 3229 4580 eiusdem
3275 4518 3394 4578 Mi-

842 4628 1075 4688 chaelis
1122 4628 1389 4699 litterati,
1440 4636 1503 4688 et
1548 4627 1870 4688 Andream
1902 4647 1941 4688 a
1973 4629 2254 4706 predicta
2282 4628 2549 4688 condam
2583 4627 2834 4687 domina
2867 4628 2916 4685 F
2919 4627 3109 4687 lorisa
3154 4613 3400 4701 vocata',

840 4743 1037 4796 matre
1086 4735 1317 4795 carnali
1367 4735 1647 4796 eiusdem
1694 4735 1967 4811 Andree,
2013 4736 2074 4795 in
2102 4735 2603 4814 possessionibus
2651 4735 2872 4812 prefati
2913 4736 3182 4795 condam
3229 4726 3412 4794 Petri'

841 4843 1077 4921 proawi
1126 4843 1319 4921 ipsius
1366 4843 1691 4904 Michaelis
1739 4843 2007 4911 litterati,
2057 4853 2122 4904 et·
2167 4843 2288 4903 awi
2335 4843 2482 4904 dicti
2514 4842 2768 4904 Andree
2801 4844 2862 4902 in
2891 4843 3134 4921 prefata
3183 4844 3392 4903 Losan

842 4949 1083 5023 habitis,
1132 4951 1391 5009 sitarum
1439 4958 1501 5010 et
1547 4951 1970 5025 existencium,
2019 4951 2149 5010 iure
2197 4950 2572 5010 hereditario
2619 4951 3155 5026 concernencium,
3216 4971 3396 5030 sepa-
