3917 5592
2954 464 3084 526 409

533 681 615 741 ad
659 680 976 760 quendam
1022 681 1230 740 lacum
1295 679 1865 757 Meynamocryche
1931 679 2175 752 Glawa,
2238 681 2463 742 deinde
2525 682 2806 759 procedit
2865 701 3084 742 versus

535 789 870 848 australem
918 807 1032 866 per
1078 788 1345 848 eundem
1394 787 1650 847 fiuvium
1702 788 2037 864 Moerycza
2081 788 2402 868 wlgariter
2432 784 2646 864 dicta⁸‚
2694 798 2757 850 et
2803 790 3085 869 pervenit

529 897 610 955 ad
656 889 996 975 quosdam⁹
1041 895 1297 955 arbores
1327 896 1496 976 wlgo
1540 896 1768 974 lyppye
1802 903 2062 954 vocatos
2078 890 2139 970 ¹⁰,
2189 894 2333 956 inde
2377 915 2491 975 per
2522 897 2791 957 eundem
2823 897 3083 958 fluvium

529 1011 590 1064 et
635 1002 922 1082 pervenit
985 1002 1065 1062 ad
1128 1003 1446 1080 quandam
1507 1001 1810 1080 piscinam
1856 1000 2179 1082 wlgariter
2244 1000 2509 1062 dicendo
2568 1004 2895 1081 Rybnayk‚
2941 1004 3087 1065 inde

529 1110 812 1190 procedit
859 1129 1079 1170 versus
1129 1111 1464 1169 australem
1526 1128 1641 1186 per
1705 1110 2020 1188 quendam
2084 1109 2345 1170 fluvium
2405 1111 2917 1190 Rakythowycza
2978 1132 3084 1172 vo-

530 1227 758 1294 catum,
805 1225 870 1278 et
915 1217 1082 1278 cadit
1126 1217 1190 1277 in
1238 1216 1494 1276 fluvium
1542 1217 1920 1293 Lukawech,
1982 1237 2097 1296 per
2142 1219 2412 1279 eundem
2474 1218 2730 1279 fluvium
2780 1220 2843 1279 in
2888 1239 3087 1299 parvo

522 1327 737 1406 spacio
781 1326 1063 1405 procedit
1109 1345 1330 1385 versus
1377 1325 1739 1385 orientalem
1789 1333 1852 1386 et
1896 1325 2064 1386 cadit
2110 1327 2191 1386 ad
2238 1322 2569 1405 quedam¹¹
2616 1329 2850 1388 vadum
2895 1328 3084 1388 Ztaro

526 1434 922 1510 Brodyssche
982 1427 1287 1507 vocato¹²,
1335 1432 1478 1492 inde
1527 1432 1606 1492 de
1669 1431 1860 1492 fluvio
1909 1441 2055 1509 exyt
2100 1433 2333 1493 directe
2380 1453 2495 1513 per
2554 1435 2871 1513 quandam
2917 1435 3084 1496 viam

527 1541 846 1620 antiquam
894 1559 1115 1601 versus
1163 1541 1499 1601 australem
1547 1540 1610 1599 in
1658 1541 1846 1620 longo
1909 1540 2124 1618 spacio
2183 1549 2246 1602 et
2290 1542 2573 1620 pervenit
2638 1543 2719 1602 ad
2770 1543 3083 1621 quendam

528 1650 786 1710 fluvium
832 1649 1120 1709 Dobowa
1180 1649 1396 1709 Mlaka
1456 1656 1698 1721 vocata,
1745 1648 1891 1708 inde
1953 1649 2236 1726 procedit
2283 1649 2364 1709 ad
2408 1657 2653 1728 partem
2717 1649 3082 1709 orientalem

523 1777 637 1836 per
667 1758 930 1818 eundern
961 1756 1221 1816 fluvium
1247 1756 1464 1819 Mlaka
1491 1749 1780 1816 vocata¹³
1809 1755 1872 1815 in
1902 1756 2072 1816 bono
2122 1756 2335 1834 spacio
2368 1764 2431 1816 et
2476 1765 2622 1834 exyt
2650 1756 2730 1817 ad
2763 1757 3076 1835 quandam

523 1866 800 1926 metham
845 1865 1016 1945 wlgo
1061 1863 1528 1924 Pwrdlewscka
1559 1863 1768 1941 Meya‚
1817 1871 1878 1923 et
1923 1883 2039 1942 per
2072 1864 2337 1924 eandem
2371 1864 2646 1925 metham
2693 1865 2890 1925 tendit
2944 1884 3081 1924 ver·

535 1992 642 2032 sus
691 1973 1026 2033 australem
1073 1972 1134 2032 in
1166 1972 1333 2031 bono
1381 1970 1594 2049 spacio
1641 1977 1704 2031 et
1750 1971 2035 2049 pervenit
2082 1972 2164 2031 ad
2209 1967 2545 2050 quodam¹⁴
2590 1971 2848 2031 fluvium
2894 1973 3077 2032 Lom-

520 2099 738 2157 nycza,
787 2079 870 2139 ad
915 2080 1120 2139 locum
1168 2077 1274 2138 ubi
1335 2077 1557 2137 dicitur
1619 2079 1808 2138 Ztaro
1855 2077 2231 2138 Brodissche
2294 2079 2612 2158 wlgariter
2674 2079 2923 2154 dictum,
2968 2098 3083 2158 per

527 2188 796 2247 eundem
843 2186 1102 2246 fluvium
1151 2185 1474 2246 descendit
1536 2185 1694 2245 infra
1741 2185 1820 2245 ad
1869 2185 2236 2246 orientalem
2284 2194 2345 2247 et
2392 2186 2675 2265 pervenit
2736 2187 2817 2246 ad
2882 2206 3079 2266 quan-

520 2294 666 2354 dam
714 2293 1059 2354 sessionem
1106 2293 1441 2353 Ztrahowo
1488 2294 1624 2352 zelo
1670 2287 1974 2368 vocato¹⁵,
2022 2292 2229 2373 ibique
2274 2293 2553 2373 predicte
2599 2295 2807 2354 methe
2868 2293 3079 2354 termi-

524 2411 766 2462 nantur.
814 2403 885 2460 In
946 2401 1123 2461 cuius
1185 2420 1295 2478 rey
1358 2400 1723 2461 memoriam
1788 2395 2055 2480 adque¹⁶
2115 2400 2538 2462 testimonium
2598 2401 3080 2481 firmitatemque

521 2519 906 2589 perpetuam,
969 2509 1362 2588 presentibus
1428 2508 1632 2588 sigilla
1693 2516 1908 2569 nostra
1955 2510 2034 2569 de
2098 2529 2271 2570 more
2320 2510 2402 2570 ab
2468 2509 2723 2589 antiquo
2783 2510 3074 2570 duximus

515 2617 948 2696 appendenda.
1021 2618 1255 2677 Datum
1315 2616 1648 2696 Zagrabie‚
1716 2615 1871 2677 feria
1933 2618 2213 2676 secunda
2272 2618 2557 2696 proxima
2624 2625 2766 2697 post
2832 2618 3078 2693 festum,

515 2726 684 2785 beati
730 2725 1013 2786 Oswaldi
1061 2725 1247 2806 regiS,
1282 2745 1446 2784 anno
1493 2725 1728 2785 domini
1759 2720 2181 2785 millessimo¹⁷
2216 2720 2930 2806 quadringentessimo¹⁸
2976 2746 3072 2786 se-

515 2828 942 2914 xagessimo¹⁹
985 2834 1202 2913 prim0.

727 2973 1012 3043 originale
1063 2975 1510 3044 membraneum,
1547 2974 1870 3042 appendent
1908 2973 2056 3028 duae
2094 2973 2341 3029 sericeae
2380 2989 2559 3029 zonae
2597 2973 2749 3028 rosei
2786 2977 2843 3028 et
2878 2971 3077 3030 viridis

507 3065 716 3120 coloris
751 3065 966 3134 absque
1004 3064 1203 3134 sigillo.
1243 3064 1292 3118 A
1330 3067 1485 3132 tergo
1522 3063 1821 3119 recentiori
1861 3080 2035 3118 manu
2064 3063 2275 3134 scripta
2311 3063 2633 3119 annotatio:
2677 3062 2865 3118 »1461
2904 3063 3075 3118 Adiu-

511 3154 696 3208 dicata
733 3171 902 3224 super
938 3155 1061 3208 Bok
1099 3159 1297 3210 contra
1335 3153 1612 3208 familiam
1651 3153 1839 3224 magni
1881 3153 2043 3208 Pauli
2083 3170 2211 3208 cum
2245 3157 2523 3208 metarum
2558 3153 2972 3208 distinccione.‹
3016 3153 3077 3206 In

512 3244 746 3298 archivo
785 3243 1144 3298 accademiae
1183 3242 1376 3300 scient.
1417 3246 1473 3297 et
1511 3245 1611 3298 art.
1649 3243 1868 3299 Slavor.
1906 3241 2105 3297 merid.
2142 3243 2470 3312 Zagrabiae.

737 3419 756 3452 ¹
794 3421 876 3476 sic
913 3421 1362 3490 (contencionis).
1440 3421 1460 3450 ¹
1497 3420 1579 3475 sic
1630 3418 1941 3490 (productis
1982 3424 2037 3475 et
2074 3419 2511 3484 demonstratis).
2591 3417 2615 3448 ⁸
2652 3420 2711 3473 in
2762 3420 2869 3473 hac
2919 3420 3069 3477 thesi

511 3510 784 3566 terminus
826 3511 1248 3581 »porcionum·,
1300 3510 1392 3579 qui
1433 3511 1528 3564 hic
1565 3510 1724 3579 sequi
1775 3509 2020 3574 deberet,
2069 3509 2243 3565 deest.
2317 3509 2338 3538 ⁴
2375 3510 2473 3565 sic.
2552 3509 2571 3538 ⁵
2608 3508 2691 3564 sic
2730 3507 3070 3579 (signatam).

513 3604 534 3630 ⁶
571 3601 650 3656 sic
680 3601 987 3671 (signatas).
1065 3603 1085 3630 ⁷
1121 3602 1204 3656 sic
1231 3600 1556 3672 (vocatam).
1634 3601 1654 3628 ⁸
1691 3601 1772 3654 sic
1798 3600 1857 3666 (d
1884 3602 2075 3664 ctum).
2154 3602 2173 3630 ⁹
2210 3599 2291 3654 sic
2329 3599 2669 3670 (quasdam).
2749 3599 2790 3629 ¹⁰
2825 3599 2906 3654 sic
2944 3601 3067 3666 (vo-

510 3694 704 3758 catas).
774 3691 813 3721 ¹¹
842 3691 924 3745 sic
951 3691 1298 3759 (quoddam).
1381 3691 1418 3724 ¹²
1445 3689 1526 3744 sic
1552 3690 1882 3756 (vocatum).
1966 3691 2007 3719 ¹³
2030 3690 2111 3744 sic
2131 3689 2463 3760 (vocatum).
2546 3689 2584 3718 ¹⁴
2610 3688 2691 3743 sic
2714 3689 3062 3756 (quendam).
3150 3717 3157 3724 ·

515 3782 554 3809 ¹⁵
591 3781 672 3835 sic
711 3783 1037 3847 (vocatam).
1120 3780 1160 3808 ¹⁸
1197 3779 1278 3833 sic
1316 3780 1548 3848 (atque).
1629 3779 1668 3808 ¹’
1705 3779 1802 3833 sic.
1886 3780 1926 3807 ¹⁰
1962 3779 2062 3833 sic.
2148 3779 2189 3809 ¹⁹
2227 3779 2324 3833 sic.

1687 4079 1897 4150 334.

719 4283 905 4344 Anno
961 4281 1146 4343 1461.
1203 4281 1298 4344 12.
1346 4281 1721 4343 novembris,

514 4477 765 4542 Coram
793 4477 1097 4562 capitulo
1127 4475 1446 4540 ecclesiae
1477 4473 1993 4560 Zagvabiensis,
2018 4476 2479 4560 possessiones
2507 4475 2677 4540 olim
2710 4474 3071 4540 Franciscz

508 4586 589 4650 de
642 4584 836 4660 Otok,
881 4585 1206 4650 canonici
1252 4582 1770 4668 Zagrabiensis,
1825 4588 1957 4668 per
2007 4589 2395 4646 executores
2441 4583 2591 4647 eius
2660 4583 3073 4658 testamenti,

508 4693 876 4778 sexaginta
903 4695 1207 4778 quatuor
1232 4689 1526 4774 florenis
1556 4687 1906 4755 nobilibus
1928 4689 2011 4753 de
2036 4688 2172 4774 Ins.
2201 4687 2612 4775 Lomnycza,
2656 4688 3074 4754 venduntur.

721 4891 855 4950 Nos
904 4889 1240 4969 capitulum
1289 4887 1552 4949 ecclesie
1598 4887 2045 4968 Zagrabiensis
2092 4895 2309 4947 notum
2355 4887 2617 4948 facimus
2662 4895 2879 4948 tenore
2925 4907 3065 4966 pre-

505 4997 786 5058 sencium
833 4996 1260 5077 significantes
1307 4995 1531 5074 quibus
1594 4993 1844 5072 expedit
1908 4993 2235 5068 universiS,
2301 4995 2471 5074 quod
2526 4992 2900 5054 venerabilis
2960 4995 3070 5054 do·
