3917 5592
2983 448 3095 530 ¹81

1729 662 1933 747 lec.

761 892 945 957 Anno
1002 895 1187 957 1422.
1238 895 1296 956 2.
1346 896 1509 957 maii.
1557 896 1626 956 In
1674 896 1903 975 oppido
1950 897 2208 957 Dewen.

550 1090 1055 1175 Sigismundus
1099 1090 1521 1175 Hungariae
1565 1092 1682 1154 etc.
1735 1110 1872 1168 rex,
1913 1090 2392 1173 possessiones
2437 1091 2729 1157 claustri
2777 1093 2854 1157 Β.
2887 1092 2984 1161 Μ.
3033 1092 3108 1157 V.

550 1200 631 1263 de
677 1197 1197 1270 promonthorio
1259 1198 1720 1283 Zagyabiemi
1738 1220 1759 1261 .·
1818 1198 2232 1271 Petrosolch,
2290 1198 2737 1265 Gerdwazela
2781 1203 2845 1265 et
2891 1200 3115 1285 Raky-

551 1304 774 1369 tholch
821 1326 867 1369 a
912 1305 1239 1370 descensu
1286 1306 1678 1371 dicatorum
1725 1309 2252 1391 exactorumque
2296 1307 2904 1386 mardurinarum,
2949 1313 3110 1393 sup-

1707 1416 1962 1497 portat.

1476 1608 1708 1663 Relacio
1746 1607 2022 1678 Stephani
2061 1608 2130 1663 de
2166 1608 2398 1679 Rozgon
2436 1608 2661 1665 comitis
2698 1608 3039 1682 IauryensiS.

766 1756 903 1816 Nos
949 1756 1389 1837 Sigismundus
1436 1754 1538 1816 dei
1583 1755 1801 1836 gracia
1864 1757 2290 1818 Romanorum
2335 1776 2446 1818 rex
2493 1776 2743 1836 semper
2788 1757 3118 1838 Augustus
3140 1746 3156 1759 ’

562 1883 636 1925 ac
682 1864 1027 1945 Hungarie,
1074 1864 1393 1937 Bohemie,
1441 1862 1781 1937 Dalmacie,
1830 1862 2099 1924 Croacie
2146 1872 2262 1925 etc.
2312 1883 2419 1924 rex
2467 1865 2766 1924 memorie
2799 1883 3114 1924 commen-

556 1973 779 2034 damus
826 1956 1043 2031 tenore
1090 1971 1484 2049 presencium
1532 1970 1961 2050 significantes
2009 1972 2233 2049 quibus
2281 1971 2534 2050 expedit
2578 1971 2902 2046 universiS,
2951 1972 3117 2050 quod

556 2081 619 2139 in
664 2078 947 2158 personis
995 2078 1429 2158 religiosorum
1496 2078 1771 2138 virorum
1818 2077 2080 2138 fratrum
2144 2079 2588 2139 heremitarum
2635 2079 2869 2139 ordinis
2917 2078 3118 2139 sancti

556 2186 733 2246 Pauli
798 2186 980 2265 primi
1044 2185 1363 2260 heremite,
1426 2185 1488 2244 in
1554 2187 1827 2245 claustro
1894 2186 2158 2246 ecclesie
2219 2187 2405 2247 beate
2465 2186 2668 2246 Marie
2734 2186 2994 2265 virginis
3043 2186 3122 2245 de

555 2293 977 2373 promontorio
1024 2292 1437 2372 Zagrabiensi
1484 2293 1861 2373 degencium
1896 2301 1958 2353 et
2001 2294 2120 2353 deo
2152 2293 2384 2373 iugiter
2414 2294 2875 2368 famulancium,
2909 2300 3122 2353 nostre

559 2402 907 2481 expositum
973 2401 1174 2461 extitit
1230 2401 1559 2476 maiestati,
1623 2402 1936 2480 quomodo
2002 2402 2276 2481 quedam
2336 2402 2770 2480 possessiones
2815 2421 2928 2461 seu
2973 2401 3118 2461 ville

559 2509 753 2587 ipsius
814 2508 1079 2569 ecclesie
1139 2507 1519 2582 Petrosolch,
1582 2508 1999 2569 Gerdwazela
2065 2517 2128 2569 et
2172 2510 2562 2587 Rakytholch
2618 2518 2858 2583 vocate,
2907 2507 2969 2567 in
3017 2527 3118 2568 co·-

561 2618 782 2678 mitatu
852 2616 1266 2697 Zagrabiensi
1337 2616 1692 2690 existentes,
1762 2636 1875 2694 per
1945 2616 2416 2677 sevissimorum
2495 2618 2840 2677 Turcorum
2920 2616 3120 2675 crucis

560 2725 745 2785 Cristi
795 2731 1284 2804 persecutorum,
1332 2731 1688 2782 nostrorum
1736 2722 2093 2801 capitalium
2127 2724 2534 2797 inimicorum,
2584 2724 2964 2784 creberimas
3012 2723 3118 2782 de·

559 2833 957 2893 vastaciones
1003 2832 1498 2910 populorumque
1548 2830 1969 2891 abducciones
2016 2830 2078 2890 in
2127 2831 2347 2891 maiori
2395 2832 2490 2891 sui
2537 2840 2714 2910 parte
2746 2830 3122 2909 depopulate

561 2948 787 3016 essent,
815 2959 926 3019 per
950 2941 1417 3018 descensusque
1443 2938 1791 2999 dicatorum
1822 2946 1884 2998 et
1918 2947 2281 2999 exactorum
2308 2948 2720 3018 proventuum
2768 2946 3124 2997 nostrorum

559 3048 1088 3121 mardurinalium‚
1155 3065 1313 3125 quos
1382 3046 1445 3106 in
1524 3046 1761 3105 eisdem
1838 3046 2342 3123 possessionibus
2420 3065 2532 3106 seu
2602 3046 2761 3106 villis
2838 3053 3120 3123 tempore

561 3154 897 3216 dicacionis
966 3164 1028 3215 et
1093 3154 1445 3215 exaccionis
1513 3154 1868 3215 huiusmodi
1937 3154 2438 3215 mardurinarum
2509 3172 2585 3213 ex
2649 3153 2858 3213 debito
2915 3153 3125 3213 facere

564 3263 1018 3336 convenissent,
1067 3261 1145 3322 de
1208 3261 1308 3320 die
1356 3261 1418 3320 in
1466 3261 1633 3321 diem
1702 3262 2230 3322 deteriorarentur
2275 3270 2338 3322 et
2386 3260 2884 3333 anichilarentur,
2933 3277 3126 3337 super

564 3390 687 3449 quo
736 3368 934 3430 extitit
978 3376 1191 3429 nostre
1237 3368 1550 3428 maiestati
1596 3367 2012 3447 supplicatum
2071 3369 2382 3429 humiliter
2429 3377 2493 3429 et
2537 3370 2782 3443 devote,
2832 3367 3123 3445 quatinus

564 3479 828 3558 populos
891 3484 952 3537 et
1021 3476 1390 3556 iobagiones
1454 3475 1515 3535 in
1581 3476 1762 3536 dictis
1820 3477 2322 3555 possessionibus
2386 3496 2500 3536 seu
2545 3475 2706 3536 villis
2753 3475 3118 3548 residenteS,

488 3584 497 3591 ’
567 3586 667 3647 ab·
691 3584 1047 3645 huiusmodi
1094 3583 1500 3646 descensibus
1548 3585 1954 3665 dignaremur
1984 3585 2274 3665 graciose
2307 3592 2694 3663 supportare.
2725 3584 2860 3643 Nos
2890 3583 3120 3660 itaque,

566 3693 671 3773 qui
718 3712 796 3753 ex
842 3691 1039 3752 nostri
1084 3692 1242 3772 regii
1290 3691 1611 3773 regiminis
1660 3690 1866 3752 officio
1915 3691 2085 3752 circa
2133 3700 2418 3752 sanctam
2465 3700 2728 3752 matrem
2779 3689 3128 3763 ecclesiam,

566 3821 753 3881 quam
824 3802 989 3862 cultu
1060 3820 1436 3862 veneramur
1515 3800 1853 3879 [precipuo]
1934 3818 2166 3875 curam,
2244 3808 2313 3860 ut
2380 3800 2741 3874 debeamuS,
2802 3797 3126 3875 [volentes]

567 3910 928 3988 impendere
992 3909 1345 3987 specialem,
1414 3916 1480 3967 ut
1539 3907 1602 3967 in
1666 3908 1889 3968 eadem
1946 3890 2080 3968 ‘deo
2125 3907 2500 3968 famulantes
2548 3906 2756 3986 quiete
2805 3905 3021 3965 vivant
3069 3911 3130 3964 et

569 4016 890 4096 placibiles
936 4015 1177 4077 hostias
1222 4016 1417 4077 offere
1464 4017 1717 4076 valeant
1764 4034 1879 4076 suo
1927 4015 2210 4089 creatori,
2258 4015 2338 4074 ob
2387 4033 2564 4094 spem
2605 4022 2668 4075 et
2701 4013 3128 4085 devocionem,

567 4144 758 4203 quam
809 4126 891 4186 ad
937 4125 1190 4184 beatam
1238 4123 1547 4204 virginem
1609 4123 1895 4198 Mariam,
1943 4123 2006 4182 in
2055 4123 2230 4184 cuius
2276 4123 2526 4183 nomine
2575 4122 2850 4203 glorioso
2897 4120 3132 4181 dictum

566 4234 907 4293 claustrum
953 4252 1067 4311 per
1112 4240 1362 4292 nostros
1408 4232 1910 4309 predecessoreS,
1959 4250 2148 4313 reges
2194 4238 2418 4310 utputa
2448 4230 2776 4310 Hungarie
2804 4229 3133 4319 fundatum

570 4340 768 4400 extitit
815 4348 877 4400 et
924 4341 1224 4415 dotatum,
1274 4339 1450 4400 cuius
1496 4338 1614 4418 piis
1684 4337 2234 4399 intercessionibus
2282 4338 2515 4398 nedum
2560 4337 2626 4397 in
2669 4335 2866 4407 terriS,
2915 4352 3135 4395 verum

570 4447 771 4507 eciam
817 4446 883 4508 in
930 4447 1143 4507 celesti
1190 4446 1525 4528 gerarchia
1573 4447 1742 4525 apud
1807 4466 2166 4525 sumpmum
2213 4466 2428 4525 regem
2479 4446 2557 4505 de
2605 4442 2934 4504 ineffabilis
2982 4442 3138 4502 lucis

570 4573 683 4614 sue
754 4554 1033 4614 claritate
1104 4556 1405 4615 mundum
1470 4555 1896 4629 illustrantem,
1956 4554 2064 4634 qui
2132 4562 2416 4615 sanctam
2477 4561 2743 4613 matrem
2811 4550 3143 4611 ecclesiam

570 4662 1013 4741 preciosissimi
1060 4663 1383 4744 sangvinis
1432 4663 1530 4722 sui
1576 4662 1879 4723 effusione
1926 4681 2042 4740 pro
2089 4662 2340 4743 generis
2388 4660 2644 4721 humani
2692 4657 3132 4737 redempcione

572 4771 857 4849 pendens
903 4770 967 4830 in
1029 4788 1213 4830 cruce
1276 4770 1395 4830 sibi
1442 4788 1741 4849 sponsam
1804 4769 2143 4848 adoptavit,
2205 4769 2381 4830 cuius
2429 4769 2596 4828 cultu
2645 4766 2946 4845 cuiusque
2993 4782 3131 4825 ora-

573 4878 857 4938 cionibus
928 4894 1233 4957 prospera
1300 4878 1557 4957 regibus
1627 4885 1853 4937 cuncta
1925 4876 2272 4937 succedunt
2339 4883 2401 4935 et
2463 4875 2786 4947 accedunt,
2835 4873 2913 4932 de
2960 4872 3143 4931 hoste

571 5000 823 5065 quoque
872 5004 984 5045 seu
1031 4985 1313 5045 hostibus
1361 4985 1495 5045 eius
1558 4984 1883 5063 consurgit
1928 4984 2190 5044 victoria
2237 4983 2418 5042 simul
2475 4991 2537 5042 et
2582 4981 2948 5060 triumphuS,
2998 4999 3138 5057 spe-
