3917 5592
790 442 878 509 58

788 662 968 722 nobis
1032 660 1424 721 concorditer
1470 662 1827 735 retulerunt,
1898 659 2068 739 quod
2128 658 2295 721 idem
2361 658 2548 721 homo
2596 668 2807 722 vester
2865 668 3157 740 presente
3217 659 3358 741 ipso

788 770 1037 830 homine
1102 777 1317 828 nostro
1365 769 1444 828 ab
1493 769 1781 829 omnibus
1843 769 2087 829 illarum
2148 768 2429 847 parcium
2477 768 2786 828 nobilibus
2846 779 2908 830 et
2962 769 3358 855 ignobilibus,

789 876 1026 937 clericis
1075 885 1138 935 et
1183 877 1373 951 laiciS,
1439 876 1664 955 quibus
1712 877 1943 951 debuit,
2007 876 2431 955 inquisiuisset
2478 885 2539 937 et
2586 878 2891 952 sciuisset,
2954 878 3122 956 quod
3187 878 3351 937 idem

789 984 1086 1045 Nicolaus
1149 983 1312 1043 filius
1376 985 1595 1044 Petres
1644 984 1881 1062 absque
1945 984 2247 1043 heredum
2311 984 2544 1043 solacio
2611 985 2866 1045 orbatus
2932 984 3237 1044 extitisset
3298 993 3361 1045 et

788 1095 929 1155 ideo
979 1094 1270 1153 vniuerse
1333 1092 1766 1171 possessiones
1832 1092 2112 1152 eiusdem
2162 1093 2239 1152 de
2288 1093 2419 1152 iure
2478 1101 2541 1152 et
2588 1093 2843 1171 antiqua
2904 1092 3361 1153 'consuetudine

789 1200 968 1281 regni
1015 1201 1206 1260 vestri
1254 1200 1334 1259 ad
1384 1200 1787 1260 collacionem
1851 1207 2058 1259 vestre
2108 1200 2459 1261 serenitatis
2530 1201 2985 1280 dignoscuntur
3029 1200 3359 1279 pertinere,

792 1318 853 1370 et
899 1316 1043 1387 post
1087 1308 1206 1368 hec
1253 1308 1408 1369 scita
1457 1307 1810 1368 huiusmodi
1858 1307 2123 1368 ueritate
2172 1296 2547 1368 accessisset
2576 1309 2655 1368 ad
2690 1308 2915 1369 faciem
2964 1308 3355 1387 quarundam

792 1416 1260 1495 possessionum
1308 1415 1454 1476 dicti
1501 1415 1743 1475 Nicolai
1788 1415 1894 1474 filii
1941 1416 2177 1490 PetreS,
2226 1416 2615 1475 Petrusouch
2662 1425 2970 1491 vocatam,
3020 1424 3081 1475 et
3126 1416 3188 1475 in
3237 1417 3355 1475 Ra-

792 1524 1085 1584 kitouech
1133 1524 1624 1599 constitutarum,
1693 1532 1756 1583 et
1801 1525 2059 1585 easdem
2106 1524 2467 1583 conuocatis
2538 1524 2756 1583 vicinis
2804 1534 2866 1584 et
2914 1524 3361 1585 commetaneis

798 1632 1104 1691 vniuersis
1169 1640 1231 1691 et
1290 1630 1703 1709 presentibuS,
1769 1631 2038 1691 sicut'in
2086 1631 2313 1691 talibus
2380 1632 2553 1691 iuxta
2606 1632 2785 1712 regni
2848 1632 3360 1693 consuetudinem

795 1738 1184 1812 obseruatur,
1256 1757 1370 1816 per
1429 1758 1616 1799 ueras
1674 1758 1823 1798 suas
1889 1748 2091 1799 metas
2158 1748 2221 1798 et
2285 1740 2590 1817 antiquaS‚
2662 1759 2862 1799 nouas
2929 1750 3129 1799 metas
3192 1740 3363 1800 iuxta

761 1894 766 1897 .
799 1853 1046 1905 veteres
1093 1846 1200 1905 ubi
1245 1864 1506 1906 necesse
1573 1846 1762 1907 fuerit
1803 1846 2106 1925 erigendo
2165 1846 2619 1907 reambulasset
2664 1856 2733 1907 ut
2779 1847 2939 1907 infra
2999 1846 3253 1925 patebit,
3303 1854 3366 1905 et

797 1953 886 2013 sic
944 1951 1367 2014 reambulatas
1434 1973 1576 2014 cum
1637 1953 2003 2013 vtilitatibus
2070 1963 2132 2014 et
2192 1954 2591 2033 pertinenciis
2656 1956 2995 2015 earundem
3058 1953 3364 2013 vniuersis

795 2070 924 2121 tam
991 2061 1052 2120 in
1115 2061 1353 2140 campis
1403 2070 1466 2121 et
1513 2061 1701 2135 siluiS‚
1772 2081 1964 2140 quam
2026 2062 2160 2121 aliis
2227 2060 2702 2139 quibuscunque
2752 2080 2827 2121 eo
2874 2062 3025 2135 iure,
3090 2081 3215 2140 quo
3282 2062 3361 2120 ad

794 2176 1072 2228 vestram
1137 2168 1542 2228 collacionem
1589 2177 1658 2227 ut
1702 2168 2040 2246 predicitur
2106 2168 2558 2247 dignoscuntur
2614 2168 2942 2247 pertinere,
3006 2168 3363 2247 supradicto

796 2276 1106 2356 Gregorio
1174 2275 1300 2336 filio
1365 2276 1666 2354 Stephani
1733 2285 1795 2336 et
1851 2295 1966 2355 per
2036 2295 2179 2336 eum
2227 2276 2355 2335 suis
2428 2276 2784 2350 heredibuS,
2855 2277 3026 2337 iuxta
3086 2284 3365 2335 vestrum

795 2384 1159 2443 mandatum
1209 2382 1468 2461 pacifice
1500 2384 1798 2462 et·quiete
1845 2383 2096 2444 nemine
2146 2384 2601 2444 contradictore
2650 2383 2974 2458 existente,
3022 2403 3170 2461 ymo
3219 2402 3363 2443 con-

797 2490 1216 2552 sencientibus
1288 2509 1585 2568 expresse
1650 2490 1973 2551 statuisset
2041 2499 2347 2569 perpetuo
2418 2491 2833 2569 possidendas
2900 2500 2962 2550 et
3023 2491 3365 2551 habendas,

799 2598 1011 2657 Prima
1080 2604 1292 2657 autem
1354 2606 1524 2657 meta
1588 2598 1867 2676 predicte
1936 2597 2355 2676 possessionis
2426 2597 2774 2658 Rakitouch
2820 2598 3035 2676 incipit
3066 2618 3137 2657 .a
3190 2605 3368 2676 parte

799 2706 1084 2766 orientali
1131 2706 1194 2765 in
1242 2725 1478 2784 magna
1540 2706 1700 2765 silua
1745 2706 1808 2765 in
1855 2706 2049 2765 fluuio
2107 2706 2347 2765 Glosna
2391 2713 2636 2781 vocat0,
2706 2706 2813 2765 vbi
2860 2705 3150 2766 adiacent
3201 2713 3365 2765 mete

799 2812 1216 2891 possessionis
1262 2812 1558 2873 Lucachii
1589 2813 1698 2871 filii
1729 2814 2038 2879 chh-iak,
2088 2822 2149 2873 et
2181 2814 2407 2878 deinde
2439 2834 2554 2892 per
2584 2814 2790 2893 ipsum
2835 2814 3097 2873 fluuium
3128 2814 3366 2874 Glosna

803 2920 1250 2999 aliquantulum
1300 2920 1622 2981 descendit
1669 2928 1732 2980 et
1775 2921 2064 2999 peruenit
2110 2922 2191 2981 ad
2238 2930 2471 2982 metam
2516 2922 2725 2983 Iacobi
2774 2921 2919 2984 dicti
2965 2923 3281 2999 woyuoda
3327 2942 3365 2981 a

802 3036 980 3108 parte
1013 3027 1418 3102 meridionali,
1460 3035 1524 3087 et
1552 3027 1697 3088 inde
1725 3026 1859 3087 ‘exit
1892 3029 1974 3088 ad
2002 3030 2323 3107 quandam
2356 3029 2645 3089 arborem
2676 3028 2793 3107 piri
2821 3048 3005 3089 cruce
3038 3029 3368 3110 signatam,

805 3135 1031 3196 deinde
1098 3154 1212 3213 per
1277 3135 1594 3213 quendam
1644 3134 1842 3193 riuum
1902 3135 2189 3195 Zuhodol
2233 3143 2526 3195 vocatum
2594 3136 2863 3196 declinat
2923 3155 3143 3195 versus
3198 3136 3367 3195 occi-

804 3245 1059 3303 dentem
1107 3250 1170 3302 et
1215 3242 1502 3320 peruenit
1550 3242 1629 3302 ad
1676 3250 1906 3302 metam
1956 3250 2242 3317 terream,
2304 3243 2529 3303 deinde
2578 3244 2746 3304 uenit
2794 3244 2874 3303 ad
2922 3242 3205 3303 arborem
3267 3262 3365 3303 ce-

801 3351 928 3410 rasi
974 3370 1158 3409 cruce
1222 3350 1536 3429 signatam
1583 3357 1752 3409 meta
1811 3359 2019 3409 terrea
2067 3350 2522 3424 circumfusam,
2596 3351 2673 3410 ab
2722 3351 2866 3411 hinc
2923 3351 3004 3411 ad
3050 3351 3367 3429 quandam

805 3466 1038 3517 metam
1084 3466 1371 3532 terream,
1440 3457 1501 3515 in
1552 3457 1727 3517 cuius
1790 3457 1998 3518 medio
2046 3458 2301 3537 quidam
2347 3467 2603 3519 truncus
2652 3458 2872 3534 existit,
2944 3458 3021 3518 ab
3070 3458 3211 3518 hinc
3278 3459 3359 3517 ad

804 3565 1092 3625 arborem
1139 3565 1228 3624 tul
1276 3583 1460 3625 cruce
1493 3564 1809 3645 signatam
1855 3575 2025 3626 meta
2070 3575 2277 3627 terrea
2308 3566 2765 3642 circumfusam,
2814 3566 3039 3626 deinde
3086 3566 3367 3644 procedit

805 3674 885 3733 ad
934 3673 1200 3732 riuulum
1248 3673 1530 3747 Wranin,
1597 3692 1785 3751 quern
1831 3672 2053 3733 transit
2114 3693 2312 3752 vsque
2360 3673 2585 3733 siluam
2635 3682 2697 3732 et
2742 3672 2999 3733 includit
3052 3673 3367 3752 quandam

803 3789 1036 3840 terram
1085 3779 1403 3855 arabilem,
1451 3780 1678 3839 deinde
1724 3780 2007 3858 procedit
2049 3799 2251 3859 usque
2301 3780 2489 3840 alium
2538 3780 2741 3840 riuum
2788 3780 3090 3839 Wranich
3137 3780 3369 3855 dictum

805 3896 867 3947 et
898 3906 1010 3965 per
1048 3888 1214 3945 hunc
1246 3886 1435 3946 intrat
1479 3887 1705 3946 iterum
1737 3888 1818 3947 ad
1851 3887 2118 3947 riuulum
2165 3888 2448 3962 Wranin,
2498 3895 2560 3947 et
2590 3906 2703 3965 per
2736 3888 3007 3947 eundem
3054 3886 3370 3947 asscendit

805 4013 1026 4054 uersus
1079 3994 1442 4084 ‚aquilonem
1507 3994 1568 4053 in
1634 3992 1801 4052 bono
1849 3994 2064 4072 spacio
2128 4003 2190 4054 et
2254 3995 2443 4053 intrat
2486 3995 2550 4054 in
2596 3994 2855 4054 fluuium
2922 3993 3190 4069 Obdina,
3259 4012 3373 4072 per

805 4121 990 4181 quern
1039 4102 1262 4162 iterum
1311 4101 1594 4162 ascendit
1638 4121 1830 4180 supra
1860 4121 2059 4181 usque
2110 4104 2188 4162 ad
2237 4104 2553 4181 quendam
2600 4111 2871 4181 pontem,
2920 4122 3106 4181 quern
3153 4100 3374 4161 transit

807 4218 868 4269 et
915 4210 1088 4269 uadit
1151 4228 1264 4288 per
1323 4210 1490 4269 uiam
1557 4210 1894 4289 antiquam,
1957 4229 2073 4288 per
2118 4229 2307 4289 quam
2373 4210 2772 4288 procedendo
2834 4210 3007 4269 uenit
3071 4210 3151 4269 ad
3213 4210 3371 4268 duas

809 4324 1009 4377 metas
1057 4326 1296 4377 terreas
1328 4336 1366 4377 a
1396 4326 1574 4395 parte
1623 4317 1993 4377 occidentali
2026 4318 2191 4377 circa
2238 4327 2439 4378 metas
2485 4317 2695 4378 Iacobi
2743 4317 3098 4396 supradicti,
3146 4316 3372 4376 deinde

808 4424 1024 4485 circuit
1085 4433 1149 4485 et
1207 4425 1465 4484 includit
1533 4426 1850 4504 quandam
1921 4421 2222 4485 terream¹
2279 4426 2360 4485 ad
2424 4425 2696 4504 quinque
2767 4433 2987 4487 vreten
3055 4424 3375 4504 wlgariter

810 4533 992 4593 metis
1039 4532 1256 4593 terreis
1305 4532 1637 4613 signatam,
1686 4534 1764 4593 ab
1823 4532 1968 4593 hinc
2014 4533 2297 4611 procedit
2340 4531 2404 4593 in
2455 4533 2655 4593 riuum
2710 4532 3095 4593 Horuachka
3140 4531 3373 4590 dictum

807 4648 871 4699 et
918 4639 1090 4711 uenit
1159 4640 1240 4698 ad
1305 4658 1568 4717 paruam
1617 4641 1902 4701 arborem
1962 4640 2079 4719 piri
2148 4649 2318 4701 meta
2363 4650 2571 4701 terrea
2619 4640 3077 4714 circumfusam,
3148 4637 3374 4698 deinde

809 4747 1089 4825 procedit
1134 4766 1247 4824 per
1295 4748 1565 4807 eundem
1635 4747 1837 4808 riuum
1884 4749 2052 4809 circa
2100 4758 2301 4809 terras
2371 4748 2775 4829 iobagionum
2824 4747 3009 4809 castri
3070 4754 3134 4805 et
3190 4746 3376 4818 intrat

791 4855 874 4925 ‚in
905 4854 1108 4914 riuum
1155 4853 1408 4915 Obdina
1439 4856 1806 4933 predictum,
1854 4857 1999 4917 inde
2049 4857 2482 4917 asscendendo
2515 4857 2578 4917 in
2610 4856 2856 4917 modico
2905 4853 3119 4932 spacio
3148 4872 3373 4913 uersus

807 4962 1216 5023 meridionem
1279 4971 1341 5023 et
1403 4964 1576 5023 uenit
1621 4965 1703 5024 ad
1750 4966 2066 5042 quendam
2127 4973 2415 5024 truncum
2479 4964 2719 5025 arboris
2766 4963 2870 5038 tul,
2914 4981 3135 5047 „prope
3188 4979 3375 5039 quem
