3917 5592
873 440 960 505 46

870 657 1071 719 taneis
1120 657 1416 731 eiusdem,
1487 656 1701 717 statuit
1746 657 2019 717 Martino
2070 666 2130 716 et
2179 657 2438 716 Nicolao
2507 655 2647 716 filiis
2697 656 2979 716 eiusdem
3051 655 3325 715 Ladislai
3376 664 3437 715 et

872 766 1133 828 Nicolao
1181 764 1305 825 filio
1376 764 1638 843 predicti
1705 764 1876 824 Abre
1905 764 2219 843 superius
2290 764 2619 842 expressiS,
2690 764 2937 824 nemine
2986 763 3437 824 contradictore

874 875 1194 935 existente.
1287 872 1484 933 Cuius
1532 873 1786 951 quidem
1831 872 2249 951 possessionis
2296 880 2477 948 mete,
2547 881 2753 951 prout.
2778 873 2945 933 idern
2990 874 3177 932 homo
3226 880 3438 932 vester

874 990 937 1042 et
983 990 1195 1042 noster
1241 981 1420 1042 nobis
1467 981 1530 1040 in
1578 981 1822 1060 scriptis
1872 981 2226 1056 attulerunt,
2288 980 2410 1041 hoc
2456 982 2673 1042 ordine
2722 982 3166 1061 distinguntur:
3240 980 3437 1059 prima

874 1097 1042 1150 meta
1087 1088 1300 1168 incipit
1347 1108 1385 1148 a
1431 1097 1608 1166 parte
1657 1088 1909 1148 orientis
1959 1108 2149 1167 super
2193 1088 2456 1148 fluuium
2502 1090 2712 1163 Zawe,
2762 1098 2825 1149 et
2872 1089 2997 1149 exit
3042 1107 3263 1147 versus
3310 1106 3435 1147 me·

875 1197 1110 1270 ridiem,
1181 1196 1563 1256 transeundo
1616 1196 2143 1257 Pauechnicham
2192 1197 2273 1256 ad
2320 1197 2907 1275 septemtrionalem,
2977 1196 3083 1255 vbi
3136 1194 3439 1255 vicinatur

803 1322 806 1325 ’
877 1306 1082 1383 [terre]
1135 1304 1566 1378 castrensium,
1640 1305 1740 1364 de'
1764 1304 1912 1363 hinc
1968 1304 2134 1363 circa
2182 1306 2449 1365 eandem
2521 1305 3027 1365 Pauechnicham
3073 1323 3185 1382 per
3254 1322 3435 1363 vnam

875 1413 1042 1473 viam
1089 1412 1358 1473 flectitur
1426 1432 1647 1472 versus
1703 1412 2110 1486 occidentem,
2180 1412 2324 1473 inde
2372 1414 2773 1492 procedendo
2840 1414 2901 1473 in
2966 1406 3162 1491 paruo
3226 1412 3437 1492 spacio

875 1521 1046 1581 venit
1093 1520 1175 1579 ad
1223 1520 1543 1599 antiquam
1612 1520 1781 1597 viam
1828 1539 2022 1599 prope
2070 1520 2368 1594 Suiblam,
2446 1529 2507 1580 et
2553 1521 2728 1580 vadit
2775 1522 2856 1580 ad
2900 1540 3090 1580 vnam
3150 1518 3437 1592 mlakam,

876 1646 998 1707 que
1047 1635 1308 1687 vocatur
1355 1626 1760 1701 Cistarnlaka,
1829 1627 1936 1686 vbi
1983 1627 2291 1687 vicinatur
2344 1636 2508 1687 terre
2555 1627 2823 1687 filiorum
2869 1626 3144 1701 Lukach‚
3215 1626 3437 1687 deinde

875 1734 1144 1797 flectitur
1205 1754 1428 1796 versus
1497 1735 1822 1795 meridiem
1891 1754 2005 1813 per
2075 1734 2363 1814 antiquas
2425 1742 2625 1795 metas
2694 1745 2934 1795 terreas
2998 1744 3060 1794 et
3120 1733 3291 1794 venit
3359 1734 3439 1793 ad

879 1844 1168 1905 arborem
1215 1843 1331 1920 zyl,
1379 1842 1485 1903 vbi
1519 1852 1616 1902 est
1660 1851 1829 1902 meta
1873 1852 2082 1903 terrea
2130 1842 2509 1903 circumfusa
2541 1844 2622 1903 ad
2654 1851 2885 1903 terram
2933 1842 3195 1904 ecclesie
3242 1842 3439 1902 sancti

880 1950 1142 2029 Georgii
1189 1950 1266 2009 de
1315 1948 1528 2025 Odra,.
1557 1950 2001 2010 circumeundo
2030 1951 2219 2027 -iflam
2263 1959 2497 2011 terram
2545 1950 2714 2011 cadit
2744 1951 2806 2010 in
2845 1969 3073 2029 aquam
3120 1949 3331 2025 Odra,‘
3359 1949 3438 2009 ab

872 2058 1016 2118 hinc
1062 2058 1460 2136 procedendo
1509 2077 1718 2135 supra-
1745 2076 1860 2137 per
1906 2059 2175 2119 eandem
2222 2077 2455 2138 aquam
2484 2058 2637 2119 satis
2684 2058 2747 2119 in
2793 2059 2959 2119 bono
3007 2058 3222 2137 spacio
3268 2058 3433 2118 cadit

874 2167 954 2226 ad
1001 2184 1210 2227 Vnam.
1239 2165 1526 2225 arborem
1573 2165 1711 2240 baz,
1759 2165 1862 2225 vbi
1911 2173 2008 2225 est
2053 2174 2241 2225 meta-
2267 2174 2475 2226 terrea
2508 2174 2571 2226 et
2601 2167 2798 2227 tendit
2844 2184 3065 2227 versus
3114 2160 3439 2225 meridiem

873 2273 956 2335 ad
1001 2292 1190 2335 vnam
1238 2274 1423 2346 viam,
1473 2276 1550 2333 de
1599 2293 1739 2353 qua-
1769 2275 1892 2334 itur
1922 2276 2005 2335 ad
2037 2275 2225 2335 aliam
2269 2274 2456 2349 viam,
2504 2294 2625 2354 que
2673 2275 2873 2335 tendit
2910 2294 3131 2335 versus
3180 2274 3434 2348 Odram,

870 2382 1014 2441 inde
1060 2398 1174 2461 per
1205 2382 1474 2441 eandem
1519 2382 1686 2441 viam
1719 2384 1940 2441 versus
1987 2383 2290 2444 orientem
2336 2383 2509 2443 venit
2540 2384 2629 2444 ad.
2652 2402 2843 2443 vnam
2890 2383 3212 2462 antiquam
3250 2382 3437 2458 viam,

873 2506 1094 2547 versus
1143 2488 1462 2547 meridiem
1511 2508 1623 2567 per
1669 2508 1973 2570 magnum
2018 2491 2301 2568 spacium
2350 2492 2556 2551 eundo
2588 2491 2760 2563 venit
2802 2492 2889 2552 ad
2932 2498 3135 2551 metas
3178 2500 3434 2569 terreaS,

871 2594 978 2657 vbi
1009 2595 1197 2655 intrat
1227 2596 1593 2683 Lomnycha
1640 2597 1807 2681 circa
1839 2597 2129 2681 arborem
2174 2598 2343 2679 pomi
2376 2598 2716 2677 syluestris‚
2764 2598 2871 2659 vbi
2899 2606 2995 2677 est
3029 2606 3205 2677 ‚meta
3229 2606 3436 2675 ,terrea

870 2702 1262 2777 circumfusa,
1334 2712 1397 2763 et
1442 2723 1555 2782 per
1601 2706 1872 2768 eandem
1918 2720 2149 2785 aquam
2196 2706 2348 2767 satis
2394 2707 2457 2766 in
2504 2707 2670 2782 bono
2729 2708 2945 2786 spacio
2992 2722 3183 2785 supra
3232 2706 3435 2766 eundo

872 2810 997 2871 exit
1043 2812 1126 2870 ad
1172 2831 1365 2869 vnum
1436 2811 1744 2872 fossatum
1789 2814 1958 2893 quod
2019 2815 2253 2896 Hyngo
2302 2825 2579 2891 vocatur,
2652 2816 2731 2875 de
2776 2815 2921 2875 hinc
2979 2835 3092 2895 per
3138 2802 3435 2895 magnum

872 2918 1154 2997 spacium
1203 2920 1408 2978 eundo
1455 2919 1630 2979 venit
1661 2922 1743 2980 ad
1775 2930 1975 2981 metas
2024 2923 2436 2997 terreaS,·vbi
2468 2923 2657 2982 cadit·
2682 2898 3041 3002 ad'aquam
3088 2922 3443 2999 Mochyrad‘

871 3044 1062 3103 supra
1124 3046 1314 3086 vnam
1382 3026 1566 3100 viam,
1639 3027 1743 3087 vbi
1791 3038 1936 3088 sunt
2006 3030 2128 3090 due
2176 3030 2434 3090 arbores
2504 3032 2592 3089 tul
2641 3049 2825 3090 cruce
2884 3030 3149 3111 signate,
3220 3037 3283 3091 et
3327 3048 3437 3108 per

874 3134 1142 3193 eandem
1187 3134 1356 3193 viam
1405 3134 1556 3193 satis
1602 3136 1666 3194 in
1712 3135 1878 3195 bono
1941 3137 2157 3215 spacio
2204 3156 2427 3197 versus
2494 3138 2817 3198 meridiem
2862 3138 3035 3198 venit
3082 3139 3163 3198 ad
3211 3157 3436 3217 aquam

875 3241 1197 3319 Lybnicha
1243 3260 1356 3319 per
1403 3250 1602 3301 metas
1673 3251 1910 3303 terreas
1959 3252 2023 3303 et
2070 3244 2344 3316 arboreS,
2415 3245 2520 3304 vbi
2566 3245 2875 3305 vicinatur
2920 3252 3083 3306 terre
3131 3244 3437 3305 Cozmath

875 3356 939 3408 et
983 3368 1095 3427 per
1143 3396 1154 3407 .
1206 3396 1218 3407 .
1267 3396 1280 3407 .
1329 3349 1500 3409 venit
1547 3351 1627 3410 ad
1661 3359 1860 3410 metas
1906 3352 2173 3411 filiorum
2219 3354 2391 3413 Iwan
2439 3361 2502 3413 et
2547 3352 2755 3433 Egidii
2798 3354 2945 3413 dicti
2989 3353 3159 3428 Zala,
3206 3352 3312 3412 vbi
3344 3358 3439 3412 est

875 3456 1061 3517 arbor
1097 3456 1185 3515 tul
1232 3476 1416 3517 cruce
1446 3457 1711 3537 signata,
1760 3477 1881 3536 que
1919 3459 2055 3536 [est]
2093 3460 2259 3519 circa
2304 3479 2495 3519 vnam
2528 3437 2711 3535 viam,
2759 3460 2865 3519 vbi
2897 3460 3064 3520 cadit
3096 3460 3177 3520 ad
3211 3479 3436 3539 aquam

874 3563 1206 3640 Kukynak,
1255 3571 1317 3624 et
1362 3583 1475 3642 per
1524 3566 1791 3625 eandem
1838 3584 2069 3645 aquam
2116 3566 2179 3626 in
2224 3567 2392 3628 bono
2423 3566 2637 3647 spacio
2685 3567 2845 3638 infra
2892 3568 3115 3642 eund0,
3164 3568 3330 3628 cadit
3374 3565 3437 3625 in

875 3690 1104 3750 aquam
1150 3672 1531 3751 Lomnycha,
1578 3673 1685 3733 vbi
1716 3674 2025 3735 vicinatur
2070 3683 2235 3735 terre
2266 3675 2533 3735 filiorum
2580 3676 2883 3754 Stephani
2930 3676 3247 3755 quondam
3292 3674 3436 3735 bani

873 3766 1282 3856 Brezauj'cha
1329 3788 1569 3854 vocate,
1618 3789 1682 3840 et
1726 3799 1840 3860 per
1885 3782 2153 3857 eandem
2200 3782 2360 3842 infra
2407 3784 2613 3843 eundo
2647 3783 2819 3843 venit
2863 3802 2977 3862 per
3022 3802 3213 3841 vnum
3260 3789 3439 3862 strug

877 3895 939 3948 et
983 3888 1205 3948 transit
1274 3907 1387 3967 per
1435 3889 1609 3949 chret
1675 3889 1942 3949 Starcha
1989 3898 2299 3965 vocatum,
2370 3890 2474 3949 vbi
2541 3900 2638 3951 est
2685 3892 2871 3951 arbor
2930 3892 3191 3951 harazth
3254 3909 3435 3951 cruce

876 3995 1142 4075 signata,
1213 4014 1334 4073 que
1383 4004 1480 4055 est
1539 3995 1604 4055 in
1653 4015 1894 4075 camp0,
1965 3996 2109 4057 inde
2158 3999 2238 4058 ad
2284 4018 2477 4057 vnum
2536 3997 2799 4058 fluuium
2859 3998 3079 4057 Lakun
3130 4004 3434 4067 vocatum,

875 4110 939 4163 et
983 4121 1095 4181 per
1141 4103 1409 4163 eundem
1458 4104 1627 4163 venit
1675 4105 1756 4164 ad
1805 4105 2093 4166 arborem
2140 4106 2310 4184 pomi
2357 4124 2541 4165 cruce
2591 4106 2922 4185 signatam,
2981 4104 3087 4165 vbi
3122 4103 3437 4164 vicinatur

873 4219 1038 4271 terre
1084 4218 1296 4270 nostre
1341 4212 1525 4271 Blata
1569 4220 1812 4286 vocate,
1876 4212 2023 4273 inde
2070 4214 2268 4275 tendit
2329 4233 2549 4274 versus
2598 4213 3107 4292 septemtrionem
3155 4221 3217 4273 et
3271 4210 3436 4271 cadit

875 4320 956 4379 ad
1001 4319 1282 4378 Mlakam
1331 4318 1603 4399 Glogala
1649 4330 1957 4396 vocatam,
2006 4322 2110 4381 vbi
2158 4329 2255 4382 est
2302 4322 2487 4383 arbor
2534 4322 2763 4402 iegned
2812 4340 2995 4382 cruce
3043 4321 3311 4401 signata,
3374 4325 3436 4379 et

875 4446 988 4507 per
1033 4428 1301 4486 eandem
1321 4426 1467 4486 ·illic
1516 4429 1720 4487 eundo
1765 4428 1930 4489 circa
1978 4430 2222 4506 syluam
2269 4429 2551 4490 Churina
2598 4430 2765 4490 cadit
2794 4429 2875 4489 ad
2907 4428 3163 4503 Odra‘m‚
3212 4428 3435 4489 deinde

875 4551 990 4611 per
1035 4541 1492 4612 competentem
1555 4535 1837 4613 spacium
1899 4536 2025 4595 exit
2072 4537 2153 4596 ad
2198 4544 2401 4609 metas
2462 4546 2701 4598 terreas
2765 4538 2845 4597 ad
2910 4556 3101 4597 vnam
3150 4536 3433 4596 arborem

878 4642 1064 4719 topol,
1134 4641 1276 4701 inde
1325 4640 1558 4701 directe
1620 4644 2019 4721 procedendo
2068 4644 2239 4703 venit
2284 4645 2365 4704 ad
2413 4664 2606 4704 vnum
2668 4652 2848 4725 strug
2894 4664 3083 4723 super
3130 4644 3193 4705 in
3238 4662 3435 4722 paruo

877 4748 1091 4826 spacio
1139 4749 1344 4808 eundo
1405 4748 1530 4809 exit
1577 4751 1656 4810 ad
1703 4751 1966 4828 syluam‚
2037 4758 2098 4811 et
2144 4770 2257 4829 per
2304 4753 2569 4812 eandem
2632 4771 2824 4831 supra
2871 4752 3077 4813 eundo
3142 4751 3309 4811 cadit
3354 4750 3435 4810 ad

876 4855 1136 4919 Zawam
1202 4855 1353 4919 satis
1402 4856 1464 4916 in
1509 4858 1676 4917 bono
1723 4858 1953 4943 spacio,
2024 4858 2196 4918 venit
2242 4860 2323 4919 ad
2368 4859 2639 4945 priorem
2692 4866 2927 4923 metam
2972 4858 3180 4945 ibique
3226 4856 3437 4922 termi-

3886 658 3888 699 —
3885 552 3888 587 r..-
3881 504 3889 543 ‚⁴—
