3917 5592
789 502 832 576 6

791 735 960 812 quod
1007 734 1235 793 Iunosa
1270 742 1528 811 accepto
1574 728 1872 810 pristaldo
1905 725 2307 792 Crachonum
2354 748 2544 812 super
2574 723 2849 811 quadam
2894 737 3061 792 terra
3106 719 3359 790 nomine

795 828 1184 900 Mosochana
1215 848 1494 898 nostram
1541 839 1730 898 traxit
1761 839 1842 898 ad
1873 839 2284 917 presenciam.
2332 839 2622 899 Partibus
2656 839 2867 918 itaque
2913 857 3128 898 coram
3174 836 3355 896 nobis

795 947 1144 1007 constitutis
1206 947 1523 1025 predictus
1587 947 1814 1007 Iunosa
1869 948 2209 1026 proposuit,
2283 950 2453 1027 quod
2514 948 2885 1009 Crachonus
2946 953 3359 1006 memoratam

795 1063 1028 1114 terram
1059 1054 1123 1112 ui
1154 1063 1538 1132 usurpasset,
1603 1072 1745 1113 eam
1777 1061 1989 1114 tamen
2036 1055 2153 1115 sibi
2182 1047 2557 1116 hereditario
2605 1056 2738 1115 iure
2784 1055 3113 1134 pertinere.
3162 1051 3355 1112 Cum-

796 1181 917 1240 que
965 1180 1154 1240 super
1197 1162 1317 1220 hoc
1365 1162 1628 1222 diuersis
1677 1162 1878 1221 modis
1927 1162 2070 1222 hinc
2116 1162 2259 1222 inde
2307 1172 2575 1222 tractum
2601 1162 2837 1236 fuisset,
2885 1181 3001 1221 nos
3032 1180 3175 1220 cum
3226 1159 3360 1218 aliis

795 1270 1104 1330 nobilibus
1165 1277 1349 1344 terre,
1419 1270 1523 1349 qui
1573 1271 1851 1344 aderant,
1921 1269 2157 1330 scilicet
2218 1271 2421 1344 Petr0,
2478 1271 2769 1348 Jarozlao
2818 1279 2881 1330 et
2938 1268 3073 1329 aliis
3134 1266 3361 1348 multiS‚

798 1377 1241 1456 probacionem
1305 1376 1636 1436 indiximus
1697 1378 1817 1436 hoc
1879 1378 2085 1450 mod0,
2150 1385 2217 1436 ut
2262 1377 2397 1454 ipse
2464 1377 2753 1437 adhibitis
2817 1395 3032 1436 secum
3090 1373 3363 1453 quinque

797 1485 1060 1545 testibus
1117 1484 1361 1544 idoneis
1409 1493 1473 1543 et
1518 1485 1776 1562 prestito
1839 1492 2252 1558 sacramentO,
2315 1504 2437 1563 que
2484 1485 2903 1563 impetebatur
2965 1483 3083 1543 sibi
3147 1479 3363 1540 iustifi-

799 1601 986 1652 caret.
1037 1592 1333 1651 Termino
1381 1592 1589 1669 itaque
1624 1593 1706 1651 ad
1737 1592 1858 1650 hoe
1902 1593 2203 1670 deputato
2251 1593 2451 1652 dictus
2484 1592 2855 1653 Crachonus
2904 1591 3141 1652 uiribus
3186 1588 3367 1648 testi-

799 1699 990 1759 monii
1051 1699 1304 1759 omnino
1352 1699 1649 1758 deficiens
1714 1700 2135 1761 adiudicatam
2188 1701 2304 1760 sibi
2370 1700 2815 1778 probacionem
2882 1699 3175 1760 exhibere
3240 1716 3367 1756 non

799 1807 1015 1886 potuit.
1085 1807 1220 1866 Nos
1267 1807 1458 1886 igitur
1503 1806 1708 1884 ipsum
1757 1807 2112 1867 conuictum
2160 1826 2300 1867 esse
2350 1809 2775 1880 decernenteS,
2822 1808 2995 1867 iuxta
3041 1805 3190 1866 iuris
3238 1804 3365 1864 exi-

785 1914 1110 1994 'genciam‚
1173 1914 1563 1991 sepedictum
1625 1923 1904 1974 actorem
1947 1915 2230 1974 misimus
2279 1915 2339 1973 in
2394 1915 2861 1992 possessionem
2922 1923 3106 1988 terre,
3172 1930 3365 1992 quam

802 2021 1262 2081 racionabiliter
1307 2029 1652 2098 optauerat.
1733 2021 1973 2082 Deinde
2020 2021 2384 2099 pristaldum
2433 2031 2712 2081 nostrum
2770 2021 3020 2081 nomine
3068 2020 3370 2080 Vidomer

802 2129 920 2189 sibi
986 2129 1290 2203 dedimuS,
1346 2128 1453 2206 qui
1511 2129 1905 2206 presentibus
1969 2130 2187 2190 uicinis
2253 2129 2455 2208 ipsam
2517 2138 2747 2189 terram
2811 2129 2997 2189 certis
3062 2135 3369 2188 metarum

803 2235 1179 2297 differenciis
1228 2235 1714 2313 circumquaque
1762 2235 2039 2295 uallaret.
2132 2235 2350 2312 Incipit
2397 2235 2561 2294 enim
2608 2245 2778 2295 meta
2834 2236 3028 2313 ipsius
3075 2243 3241 2294 terre
3290 2233 3371 2292 ab

801 2362 970 2422 aqua
1023 2342 1432 2416 Mosochana,
1491 2352 1555 2402 et
1602 2341 1686 2401 ibi
1749 2343 1811 2400 in
1859 2343 2040 2421 rippa
2102 2343 2383 2403 eiusdem
2432 2361 2593 2421 aque
2661 2352 2757 2403 est
2816 2350 2987 2402 meta
3032 2351 3241 2402 terrea
3303 2341 3367 2398 in

803 2449 1127 2510 arboribus
1174 2449 1291 2528 piri
1340 2458 1403 2509 et
1449 2449 1754 2528 gertanfa,
1803 2449 1946 2509 inde
1978 2451 2176 2510 tendit
2222 2470 2441 2509 uersus
2490 2450 2811 2510 meridiem
2854 2469 2966 2528 per
3012 2450 3200 2522 uiam,
3248 2467 3375 2526 que

802 2557 1026 2617 dicitur
1069 2556 1303 2629 borchi‚
1367 2555 1511 2614 inde
1561 2557 1642 2616 ad
1691 2557 1979 2616 arborem
2026 2558 2194 2633 tulfa,
2244 2567 2307 2618 et
2338 2558 2420 2617 ibi
2470 2568 2566 2617 est
2595 2567 2765 2617 meta
2811 2567 3034 2630 terrea„
3098 2556 3243 2616 inde
3294 2555 3377 2615 ad

805 2665 1094 2724 arborem
1141 2663 1315 2736 ielsa,
1384 2664 1528 2723 inde
1579 2665 1928 2724 ascendens
1961 2665 2045 2724 ad
2076 2673 2350 2725 montem
2399 2664 2503 2725 ubi
2551 2675 2647 2724 est
2692 2657 2887 2725 mete¹
2933 2672 3177 2738 terrea,
3225 2663 3374 2722 inde

806 2773 887 2832 ad
954 2770 1244 2830 arborem
1312 2769 1500 2844 tulfa;
1565 2771 1709 2831 inde
1780 2771 2096 2832 diuertens
2160 2791 2380 2831 uersus
2450 2772 2837 2832 occidentem
2886 2771 3377 2832 conterminatur

771 2887 970 2938 terre
1032 2877 1198 2937 Petri
1263 2877 1522 2950 comitiS‚
1609 2877 1754 2937 inde
1802 2878 2127 2939 descendit
2184 2897 2296 2956 per
2341 2880 2585 2952 uallem,
2648 2897 2770 2956 que
2819 2877 3043 2938 dicitur
3104 2878 3378 2949 Iazinne,

807 2986 888 3045 ad
937 3003 1166 3064 aquam
1213 2984 1622 3058 Mosochana,
1688 2993 1750 3043 et
1794 2985 1938 3044 inde
1990 3004 2102 3063 per
2149 2986 2415 3045 eandem
2482 3005 2710 3065 aquam
2758 2985 2931 3044 uenit
2979 2987 3059 3045 ad
3107 2985 3377 3064 primam

805 3099 1057 3151 metam.
1101 3091 1185 3149 Et
1229 3110 1308 3150 ne
1356 3092 1493 3164 hoc,
1542 3092 1710 3168 quod
1759 3111 1872 3169 per
1915 3111 2031 3151 nos
2062 3091 2238 3152 iustis
2285 3093 2487 3152 modis
2534 3093 2865 3153 diffinitum
2910 3093 3040 3168 fuit,
3099 3093 3379 3153 recidiue

807 3197 1149 3276 questionis
1209 3199 1501 3275 scrupulo
1563 3197 1763 3274 possit
1808 3198 2051 3272 irritari,
2138 3217 2253 3257 nos
2301 3198 2363 3257 in
2409 3199 2832 3259 testimonium
2895 3200 3179 3260 eiusdem
3226 3199 3381 3258 facti

808 3303 1094 3364 dedimus
1141 3311 1498 3381 presentem
1529 3304 1830 3382 paginam
1877 3305 2074 3366 nostri
2108 3305 2290 3384 sigilli
2338 3306 2675 3366 munimine
2710 3308 3164 3386 consignatam.
3214 3307 3383 3376 Acta

809 3421 955 3469 sunt
1013 3411 1130 3468 hec
1193 3429 1356 3468 anno
1419 3403 2105 3486 M⁰.CC⁰.XXX⁰.IIII⁰.,
2172 3412 2422 3471 domino
2471 3413 2819 3472 Colomano
2870 3433 3021 3492 rege
3089 3421 3152 3473 et
3216 3414 3383 3473 duce

809 3517 1142 3578 Selauonie
1192 3525 1255 3575 et
1290 3517 1434 3593 Jula
1480 3517 1646 3575 bano
1696 3516 2120 3576 existentibus.

1026 3655 1308 3724 originale
1347 3655 1776 3708 membraneum
1804 3656 2016 3724 absque
2042 3655 2225 3725 sigillo
2266 3662 2386 3711 erat
2411 3658 2547 3712 olim
2588 3660 2737 3726 apud
2774 3661 3087 3728 Josephum
3128 3660 3401 3730 Varady.‘

815 3745 1051 3810 wamel,
1091 3742 1282 3799 Codex
1321 3743 1452 3812 dipl.
1495 3744 1700 3812 Arpad.
1743 3744 1854 3798 ΧΠ.
1896 3744 2017 3798 681.

819 3863 1239 3870 ————-—-

1035 3923 1048 3952 ¹
1087 3921 1182 3975 sic.

2062 4083 2146 4150 4.

1029 4211 1214 4270 Anno
1272 4207 1456 4268 1242.

822 4401 1074 4468 Coram
1150 4403 1454 4486 capitulo
1523 4403 1673 4466 eccl.
1753 4401 2263 4486 Zagrabiensis‚
2332 4402 2651 4468 Andreas
2726 4428 2888 4471 cum
2926 4412 3395 4493 generatione

817 4529 965 4584 sua,
1025 4512 1284 4572 terram
1335 4508 1680 4586 Mosocha‚
1732 4508 2029 4572 Iunosae
2076 4511 2135 4572 et
2171 4511 2619 4592 generationi
2678 4532 2846 4576 suae
2886 4517 3392 4598 possidendam

1911 4617 2288 4698 permittit.

1034 4813 1390 4890 Capitulum
1438 4811 1883 4892 Zagrabiensis
1933 4810 2193 4870 ecclesie
2254 4812 2612 4871 vniuersum
2682 4817 2971 4877 omnibus
3027 4833 3395 4898 presentem

823 4919 1119 4996 pag-inam
1166 4919 1536 4998 inspecturis
1597 4919 1866 4977 salutem
1913 4917 1976 4975 in
2024 4917 2289 4976 domino.
2384 4919 2687 4978 Nouerint
2734 4923 3009 4984 vniuersi
3067 4937 3199 4988 tam
3247 4951 3394 5009 pre-

826 5034 1032 5086 sentes
1080 5047 1268 5106 quam
1321 5027 1524 5100 futuri,
1573 5033 1930 5102 presentem
1965 5023 2261 5100 paginam
2309 5025 2658 5102 inspecturi,
2706 5029 2875 5105 quod
2901 5031 3195 5096 Andreas
3246 5057 3397 5100 eum
