3917 5592
1817 402 1906 414 ..-
1949 362 2293 429 xxm...

3151 568 3347 629 Pagina

951 671 1015 721 de
1041 670 1234 733 ·Mlaka,
1273 670 1602 721 Leonardum
1643 668 1807 720 filium
1847 669 2107 737 Gywrgek
2146 671 2211 721 de
2249 670 2420 721 Losan
2458 668 2521 720 ab
2558 666 2899 733 occupatione
2925 679 3133 732 posses·

946 760 1110 811 sionis
1147 760 1314 811 Mlaka
1351 769 1561 809 vocatae
1599 758 1842 825 prohibet
1843 790 3117 814 ...................
3246 752 3339 821 185

801 874 914 927 193.
953 860 1104 909 Α11110
1149 872 1300 925 1423.
1347 856 1424 910 16.
1463 857 1591 908 iunii
1615 856 1923 930 'Zagrabiae
1964 858 2155 909 Coram
2194 856 2422 924 Georgio
2462 867 2513 907 et
2548 855 2919 907 bartholomeo
2968 853 3132 904 comi-

945 948 1086 998 tibus
1123 934 1568 1013 Zagrabiensibue,
1607 961 1664 997 ac
1707 945 1960 997 iudicibus
2000 947 2255 998 nobilium
2294 946 2528 997 eiusdem
2566 944 2857 1005 comitatus,
2896 957 3132 993 commu-

947 1038 1077 1088 nitas
1113 1036 1331 1087 civitatis
1357 1036 1547 1087 Montis
1584 1036 1874 1097 Grecensis,
1913 1036 2307 1103 sigismundum
2336 1035 2629 1101 Hungariae
2655 1045 2751 1085 etc.
2781 1048 2955 1100 regem
2985 1048 3013 1083 a
3040 1032 3133 1081 do-

946 1126 1154 1177 natione
1212 1126 1606 1192 possessionum
1663 1126 1826 1176 dictae
1881 1124 2300 1176 communitatis:
2364 1123 2673 1185 Petrowina,
2737 1122 3017 1189 Hraschya,
3076 1131 3124 1171 et

951 1214 1286 1281 Silyakouina
1313 1223 1628 1276 vocatarum,
1645 1214 1847 1264 nobiles
1866 1224 2039 1265 autem
2068 1214 2207 1265 viros
2228 1213 2521 1265 Ladislaum
2550 1211 2714 1263 filium
2738 1210 2931 1262 Nicolai
2952 1209 3129 1261 Thoth

952 1315 1002 1354 et
1035 1303 1326 1355 ,iohannem
1365 1302 1528 1354 filium
1567 1304 1828 1354 Laurentii
1868 1303 2046 1354 Thoth
2086 1304 2149 1354 de
2188 1298 2525 1353 Zumz'e'dwar
2562 1301 2625 1352 ab
2649 1300 3008 1367 occupatione,
3047 1300 3135 1349 de·
3214 1346 3217 1349 ,

953 1394 1199 1455 tentione,
1238 1404 1334 1445 etc.
1372 1392 1628 1458 prohibet.
1679 1428 1693 1445 .
1751 1408 1786 1442 .·
1821 1429 2193 1447 ......
2230 1428 2235 1434 -
2249 1424 3053 1446 ............
3070 1430 3075 1435 -
3106 1422 3123 1443 .
3250 1386 3343 1453 185

797 1507 912 1560 194.
951 1494 1102 1542 Anno
1149 1505 1296 1557 1423.
1345 1506 1421 1541 to.
1476 1491 1696 1557 augusti.
1751 1491 2047 1557 Capitulum
2098 1490 2345 1541 ecclesiae
2400 1482 2779 1555 Zagrabiensis'
2806 1486 2978 1538 literas
3029 1502 3135 1537 ma-

956 1579 1102 1647 gistri
1139 1579 1336 1631 Nicolai
1374 1579 1460 1630 filii
1502 1579 1687 1641 lacobi,
1725 1562 1932 1631 comitis
1983 1580 2340 1647 Zagrabiensis
2378 1588 2427 1631 et
2466 1578 2621 1629 Marci
2673 1576 2765 1628 filii
2813 1578 3137 1642 Stanomery,

953 1668 1158 1721 comitis
1180 1668 1450 1730 terrestris,
1489 1685 1534 1721 a.
1581 1668 1731 1737 1365.
1772 1668 1855 1721 28.
1895 1668 2070 1736 aprilis
2108 1681 2385 1730 emanatas,
2425 1684 2520 1735 pro
2560 1668 2835 1719 Francisco
2860 1665 2968 1717 filio
2998 1666 3133 1716 lwan

952 1760 1015 1809 de
1051 1758 1390 1825 Lompnic'ba,
1427 1758 1701 1809 transumit
1703 1789 3121 1814 .....................
3249 1752 3345 1803 186

800 1874 913 1927 195.
953 1860 1104 1908 Anno
1150 1872 1298 1925 1423.
1345 1838 1422 1908 1'8.
1459 1856 1705 1910 octobris,
1744 1858 1935 1908 Budae.
1974 1857 2341 1924 sigismundus
2393 1856 2685 1923 Hungariae
2722 1868 2818 1907 etc.
2859 1870 2965 1917 rex,
3004 1855 3135 1905 Gas-

953 1962 1130 2014 parem
1169 1946 1332 1997 filium
1372 1946 1590 1996 condam
1631 1946 1785 1997 Blasii
1825 1946 1943 1997 dicti
1995 1946 2225 1998 Cloltoch
2266 1946 2331 1998 de
2368 1946 2622 2006 Kloltoch,
2662 1945 2826 1995 donec
2864 1945 2926 1996 ad
2966 1943 3131 2009 legiti-

953 2051 1091 2086 mam
1129 2046 1344 2085 aetatem
1398 2034 1703 2100 pervenerit,
1753 2052 1782 2086 2
1819 2035 2009 2086 iudicio
2048 2036 2400 2102 quorumlibet
2438 2035 2667 2085 iudicum
2705 2031 3045 2085 saecularium
3085 2042 3137 2082 et

953 2122 1435 2185 ecclesiasticorum,
1473 2135 1745 2190 supportat
1747 2157 3116 2179 ....................
3212 2152 3215 2155 ·
3244 2120 3336 2187 187

801 2222 914 2292 196.
954 2225 1104 2273 Anno
1150 2237 1298 2288 1423.
1341 2236 1424 2289 25.
1463 2222 1777 2272 novembris.
1819 2222 1872 2273 ln
1914 2218 2218 2274 Dumbrow.
2257 2222 2511 2273 lohannes
2549 2223 2613 2272 de
2650 2220 2813 2272 Alben
2854 2220 3131 2287 episcopus

953 2311 1325 2379 Zagrabiensis,
1365 2310 1598 2361 Michaeli
1637 2310 1744 2362 filio
1785 2311 2047 2362 Barnabae
2087 2312 2149 2362 de
2192 2312 2447 2373 wulkow,
2488 2310 2782 2378 portionem
2822 2325 2971 2359 suam
3011 2323 3134 2375 pos-

951 2400 1332 2453 sessionariam,
1355 2400 1405 2449 in
1445 2399 1889 2468 Odrazethgurgh,
1928 2400 2264 2451 Lochilnicha
2302 2410 2353 2451 et
2390 2399 2724 2461 Mrassowch,
2764 2400 2935 2449 donat.
2964 2432 2983 2455 .
3037 2434 3052 2451 .
3108 2432 3124 2450 .
3255 2396 3351 2445 188

813 2515 924 2567 197.
965 2501 1116 2549 Anno
1162 2512 1254 2563 142
1263 2513 1310 2564 3.
1351 2512 1400 2564 3.
1443 2497 1747 2549 decembris.
1785 2499 1975 2548 Coram
2014 2499 2239 2565 capitulo
2277 2497 2523 2549 ecclesiae
2550 2498 2805 2558 Albensis,
2844 2496 3139 2547 communi·

956 2599 1032 2638 tas
1068 2585 1286 2637 civitatis
1322 2586 1695 2653 Zagrabiensis,
1721 2587 2112 2654 Sigismundum
2142 2587 2433 2654 l-lungariae
2459 2599 2555 2637 etc.
2594 2601 2769 2653 regem
2794 2603 2825 2637 2
2850 2568 3131 2636 donatione
3216 2610 3219 2613 ·

959 2671 1348 2743 pdsseesionum
1408 2677 1640 2728 eiusdem
1697 2678 1943 2728 civitatis:
2002 2679 2331 2745 Petrowyna‚
2390 2678 2619 2728 Hrascha
2674 2689 2723 2727 et
2773 2676 3135 2743 Sylyakowina

960 2779 1385 2834 nuncupatorum,
1424 2761 1683 2819 nobilibus
1718 2767 1842 2819 viris
1891 2768 2131 2819 Ladislao
2168 2767 2276 2819 filio
2314 2768 2544 2818 Simonis
2592 2766 2768 2817 Thoth
2822 2778 2870 2816 et
2922 2764 3133 2816 Iohanni

960 2856 1068 2907 filio
1104 2856 1368 2908 Laurentii
1404 2856 1641 2917 similiter
1677 2856 1857 2907 Thoth
1895 2857 1959 2907 de
2000 2857 2351 2919 Zomzedwar‚
2403 2871 2539 2923 quos
2588 2856 2763 2929 simul·
2796 2856 2859 2914 ab
2910 2865 3134 2921 occupa-

962 2945 1119 3007 tione,
1159 2946 1452 2997 detentione
1490 2956 1586 3000 etc.
1626 2946 1875 2997 dictarum
1914 2929 2327 3021 possessionum,
2366 2946 2563 2997 inhibet
2564 2978 3127 3000 .........
3160 2948 3167 2955 “
3254 2941 3349 3010 189

813 3044 925 3113 198.
965 3047 1115 3095 Anno
1143 3058 1293 3109 1424.
1317 3037 1400 3111 27.
1421 3044 1605 3099 martii.
1627 3044 1918 3110 Zagrabiae.
1935 3046 2125 3095 Coram
2146 3046 2305 3095 Paulo
2326 3059 2534 3111 magno,
2548 3043 2737 3097 comite
2755 3045 2936 3109 Campi
2956 3043 3144 3111 Zagra-

964 3119 1156 3183 bi’en‘sis
1194 3143 1242 3182 et
1279 3125 1540 3198 Stephano
1579 3133 1719 3183 Pedk
1757 3133 1946 3184 comite
1976 3134 2202 3184 terrestri
2244 3134 2475 3183 eiusdem
2503 3132 2705 3198 Campi,
2732 3132 2951 3194 Blasius,
2990 3131 3142 3182 Nico·

965 3223 1076 3272 laus
1115 3232 1163 3271 et
1204 3222 1478 3287 Philippus
1527 3222 1592 3272 de
1628 3222 1871 3283 Goricha,
1922 3234 2157 3289 quartam
2211 3224 2493 3288 puellarem
2522 3222 2595 3273 'de
2633 3204 3053 3289 possessionibus
3092 3221 3142 3270 in

965 3312 1123 3361 Parva
1160 3311 1393 3372 Goricza,
1435 3310 1690 3378 Philippo,
1742 3311 2001 3373 Thomae,
2052 3312 2343 3372 Valentino,
2394 3312 2538 3364 alteri
2590 3308 2830 3363 Thomae
2880 3322 2930 3361 et
2980 3311 3144 3361 Paulo

963 3400 1262 3475 Wlkouichi
1299 3400 1402 3450 aiio
1440 3398 1652 3450 nomine
1691 3399 1952 3451 Kobilichi
1991 3400 2387 3466 cognominatis,
2426 3401 2689 3467 assignant
2691 3436 3126 3456 .......
3254 3396 3348 3465 189

812 3514 923 3566 199.
965 3500 1116 3547 Α11110
1161 3511 1310 3562 1424.
1351 3512 1434 3565 27.
1475 3499 1658 3549 martii.
1711 3499 2007 3564 Zagrabiae.
2044 3498 2233 3549 Coram
2286 3498 2705 3566 Stephanolfilio
2744 3500 2902 3561 Pedk,
2928 3494 3145 3558 [comite

929 3614 932 3619 -
961 3586 1187 3637 terrestri
1227 3586 1409 3653 Campi
1449 3587 1822 3653 Zagrabiensis,
1862 3587 2003 3639 lwko
2031 3587 2167 3639 filius
2196 3590 2359 3639 lacow
2400 3590 2463 3639 de
2501 3589 2732 3649 Goricza,
2758 3599 2949 3639 terram
2976 3604 3144 3655 quan-

855 3660 870 3671 ’
965 3676 1082 3726 dam
1139 3675 1190 3725 in
1246 3675 1426 3725 eadem
1483 3674 1698 3726 Goricza
1745 3675 2068 3737 existentem,
2121 3678 2359 3728 undecim
2412 3677 2622 3728 florenis
2672 3677 2874 3744 Mykus,
2939 3679 3145 3737 Panlek,

963 3764 1174 3815 Iohanni
1214 3776 1264 3815 et
1300 3764 1564 3815 Anthonio
1601 3763 1721 3816 filiis
1760 3766 1904 3816 Pauli
1942 3760 2167 3817 Zta'nech
2208 3768 2287 3817 de'
2310 3766 2571 3833 larebych,
2610 3768 2786 3817 vendit
2789 3800 3134 3821 ......
3263 3779 3348 3831 19¹

807 3880 926 3915 200.
967 3866 1118 3919 Anno
1164 3878 1312 3928 1424.
1351 3862 1400 3914 6.
1440 3864 1632 3930 aprilis.
1673 3864 1964 3930 Zagrabiae.
2004 3865 2173 3916 Litera
2198 3866 2445 3931 Stephani
2483 3864 2572 3915 filii
2614 3865 2769 3929 Pedk,
2808 3865 3142 3926 00211ῐί2101·-

879 3999 885 4005 .
963 3952 1140 4003 restris
1177 3952 1358 4019 Campi
1398 3953 1770 4019 Zagrabiensis.
1830 3988 1846 4006 .
1903 3944 1936 4006 .’
1976 3990 2561 4009 .........
2588 3944 2593 3949 ”
2617 3989 3132 4009 ........
3260 3966 3352 4019 192

808 4066 926 4103 201.
967 4054 1118 4102 Anno
1163 4066 1311 4116 1424.
1350 4066 1436 4109 20.
1475 4032 1733 4103 octobri<
1755 4053 1952 4115 Coram·
1986 4052 2212 4119 capitulo
2251 4053 2496 4104 ecclesiae
2534 4040 2909 4119 Zagrabiensis,
2952 4053 3140 4103 Paulus

963 4156 1183 4207 magnus
1219 4142 1284 4191 de
1324 4142 1520 4192 Felsew
1558 4138 1913 4207 Lompnycha,
1951 4150 2142 4192 terram
2169 4157 2315 4217 suam
2345 4142 2397 4203 in
2424 4144 2589 4194 Mlaka
2614 4142 2936 4205 existentem,
2964 4144 3145 4193 decem

965 4232 1018 4283 ὁ(
1055 4245 1242 4281 11ον0111
1282 4230 1468 4282 marcis
1506 4231 1683 4281 Marito
1721 4230 1828 4281 filio
1868 4231 2005 4281 lwan
2044 4233 2107 4281 de
2148 4232 2327 4283 eadem
2368 4233 2549 4295 Mlaka,
2587 4233 2781 4286 vendit.
2828 4267 3129 4288 .....
3255 4245 3350 4297 192

810 4342 929 4382 202.
967 4329 1118 4391 Anno
1163 4342 1312 4393 1424.
1350 4342 1399 4394 7.
1439 4327 1744 4381 decembris.
1796 4329 2090 4396 Zagrabiae.
2140 4331 2329 4381 Coram
2382 4331 2555 4381 Marco
2604 4329 2712 4381 filio
2753 4332 2907 4392 iwan,
2956 4330 3148 4381 comite

966 4416 1192 4467 terrestri
1231 4416 1413 4482 Campi
1453 4416 1824 4483 Zagrabiensis,
1864 4418 2068 4484 Mykus,
2121 4419 2329 4481 Paulek,
2370 4420 2625 4471 lohannes
2662 4430 2714 4472 et
2752 4419 3045 4470 Anthonius
3082 4420 3146 4469 de

969 4504 1226 4571 larebych,
1265 4505 1556 4571 portionem
1583 4521 1729 4556 suam
1769 4506 1820 4557 in
1841 4507 2057 4559 ecclesia
2094 4522 2136 4561 s.
2175 4508 2365 4559 Mariae
2402 4508 2481 4560 de·
2505 4509 2767 4577 Gorycha,
2795 4524 2853 4559 ac
2880 4509 3139 4574 quandam

969 4604 1176 4656 terram,
1205 4595 1444 4645 undecim
1472 4595 1680 4647 florenis
1705 4595 1945 4649 Thomae
1973 4596 2080 4647 filio
2107 4597 2243 4649 lwan
2269 4598 2488 4666 eiusque
2516 4598 2623 4649 filio
2645 4598 2869 4661 Matheo,
2898 4599 3143 4649 vendunt.
3263 4612 3358 4664 194

812 4708 928 4758 203.
967 4694 1118 4743 Α11110
1163 4708 1312 4761 1425.
1359 4710 1436 4761 13.
1475 4694 1703 4746 ianuarii.
1733 4696 2027 4763 Zagrabiae.
2067 4697 2255 4755 Coram
2284 4697 2580 4749 Balthasare
2605 4699 2884 4749 castellano
2924 4698 2990 4747 de
3030 4698 3134 4747 Me-

966 4782 1065 4832 due
1104 4793 1153 4833 et
1189 4785 1381 4834 comite
1417 4784 1599 4851 Campi
1639 4786 1997 4851 Zagrabiensis
2034 4801 2092 4837 ac
2130 4787 2303 4837 Marco
2342 4786 2467 4837 filio·
2489 4788 2643 4850 lwan,
2686 4788 2876 4839 comite
2914 4786 3153 4865 terrestri

968 4871 1198 4923 eiusdem
1249 4872 1449 4940 Campi,
1500 4873 1781 4943 Damianus
1831 4874 1969 4926 filius
2026 4875 2231 4926 Fabiani
2270 4876 2355 4961 „de
2414 4876 2563 4927 infer.
2623 4877 3147 4941 Lompnicha,-duas

3818 5116 3861 5537 μ-ῌ--ῌ
3858 5070 3860 5089 ,
