3917 5592
689 434 821 497 228

688 650 935 723 vallem,
983 657 1047 709 et
1091 668 1205 727 per
1251 649 1454 727 ipsam
1500 650 1730 709 vallem
1778 648 1861 708 ad
1906 648 2296 709 occidentem
2327 646 2642 706 modicum
2672 645 3052 705 reflectendo
3089 642 3260 703 vadit

691 757 772 816 ad
837 756 1154 835 quandam
1212 756 1415 835 pirum
1478 774 1663 815 cruce
1724 754 2002 815 similiter
2064 754 2378 849 sigpatam
2441 771 2636 832 penes
2696 751 2952 811 terciam
3012 751 3256 824 vallem,

689 862 793 923 ubi
841 864 919 922 ab
982 862 1303 922 occidente
1367 863 1646 941 predicto
1714 870 1811 923 est
1869 871 2041 921 terra
2105 848 2216 921 seu
2280 858 2599 938 possessio
2663 858 2931 918 filiorum
2982 856 3249 932 Lucasii,

688 971 991 1047 Hrechyn
1025 976 1267 1044 vocata,
1318 978 1381 1029 et
1411 969 1491 1029 ab
1522 969 1659 1047 ipsa
1691 969 1827 1046 piro
1861 968 2175 1029 modicum
2217 968 2306 1027 'ad
2353 966 2871 1046 septemtrionem
2909 966 3115 1024 eundo
3163 983 3257 1023 re-

690 1077 961 1137 flectitur
1003 1096 1119 1156 per
1151 1076 1377 1137 vallem
1424 1077 1505 1135 ad
1552 1076 1893 1147 orientem,
1922 1083 1986 1135 et
2031 1094 2144 1153 per
2191 1074 2718 1139 eandem‚vallem
2765 1072 2936 1132 vadit
2982 1072 3046 1131 in
3091 1071 3259 1130 bono

689 1184 908 1264 spacio
954 1192 1017 1243 et
1063 1184 1387 1243 divertitur
1420 1183 1501 1242 ad
1534 1182 1961 1257 meridionem,
2018 1190 2080 1241 et
2127 1183 2208 1242 ad
2257 1181 2527 1241 eundem
2559 1179 2966 1239 meridionem
2995 1179 3059 1238 in
3090 1178 3256 1238 bono

691 1290 907 1370 spacio
938 1290 1341 1369 procedendo
1373 1288 1597 1348 iterum
1629 1288 1968 1349 reflectitur
2014 1289 2095 1347 ad
2140 1287 2443 1347 orientem
2475 1305 2724 1366 semper
2754 1305 2873 1364 per
2904 1286 3146 1359 vallem,
3195 1294 3258 1345 et

692 1398 1142 1477 aliquantulum
1174 1396 1487 1457 modicum
1540 1397 1620 1455 ad
1668 1389 2178 1473 septemtrionem
2213 1396 2437 1468 eund0,
2469 1394 2640 1454 vadit
2670 1394 2895 1454 iterum
2942 1394 3022 1452 ad
3056 1392 3257 1453 orien-

696 1515 823 1565 tem
869 1524 982 1583 per
1045 1506 1290 1577 vallem,
1357 1503 1583 1563 deinde
1631 1503 1710 1562 ab
1758 1502 1897 1581 ipsa
1942 1503 2104 1562 valle
2173 1502 2463 1562 exeundo
2524 1500 2747 1561 transit
2795 1501 2876 1560 ad
2941 1501 3257 1579 quandam

590 1669 597 1675 .
696 1630 953 1689 pomum
1000 1610 1349 1670 silvestrem
1398 1629 1584 1670 cruce
1631 1610 1965 1691 signatam,
2015 1618 2077 1669 et
2125 1610 2203 1669 ab
2251 1610 2390 1688 ipsa
2437 1628 2625 1687 pomo
2691 1608 2864 1669 vadit
2911 1627 3024 1685 per
3071 1607 3255 1667 aliam

692 1720 918 1778 vallem
965 1736 1229 1797 parvam
1277 1702 1377 1777 ad⁴
1405 1717 1811 1778 meridionem
1855 1717 2221 1795 predictum,
2252 1716 2478 1776 iterum
2525 1717 2607 1776 ad
2654 1716 2972 1794 quandam
3002 1733 3257 1794 pomum

693 1825 1043 1886 silvestrem
1091 1843 1275 1884 cruce
1310 1824 1641 1905 signatam,
1690 1823 1795 1883 ubi
1845 1823 1923 1883 ab
1973 1824 2212 1883 oriente
2259 1830 2356 1883 est
2385 1830 2557 1883 meta
2587 1820 3059 1901 possessionum
3084 1820 3255 1898 wlgo

698 1933 1115 2009 Pleskameya
1180 1937 1423 2005 vocata,
1472 1932 1551 1991 ab
1600 1929 1923 1991 occidente
1971 1949 2122 1990 vero
2171 1938 2268 1989 est
2312 1938 2480 1989 terra
2525 1948 2638 1989 seu
2685 1927 3003 2007 possessio
3066 1927 3257 1986 dicto-

696 2060 835 2101 rum
880 2039 1049 2099 Petri
1097 2047 1160 2099 et
1204 2038 1412 2113 Blasii,
1476 2030 1703 2099 deinde
1751 2057 1864 2117 per
1906 2038 2118 2098 media
2181 2039 2398 2098 rubeta
2449 2057 2561 2096 seu
2625 2037 2848 2095 dumos
2911 2033 3086 2094 vadit
3147 2032 3254 2093 ali-

695 2148 1065 2226 quantulum
1113 2147 1194 2206 ad
1241 2146 1544 2206 orientem
1593 2154 1656 2205 et
1701 2144 1988 2224 pervenit
2034 2146 2114 2205 ad
2162 2145 2478 2224 quandam
2529 2152 2761 2203 terram
2809 2141 3106 2201 Anthonii
3151 2140 3257 2199 filii

701 2255 993 2314 Iohannis
1027 2256 1105 2313 de
1138 2254 1425 2327 Goricza,
1474 2273 1595 2332 que
1644 2260 1741 2313 est
1788 2254 1867 2312 ab
1901 2252 2160 2327 oriente,
2208 2262 2271 2312 et
2315 2270 2512 2331 penes
2544 2251 2745 2330 ipsam
2793 2259 2990 2309 teram
3025 2250 3258 2308 directe

700 2361 784 2421 ad
828 2361 1153 2421 meridiem
1200 2361 1264 2421 in
1314 2361 1629 2440 aliquanto
1663 2360 1878 2439 spacio
1927 2361 2009 2420 ad
2056 2361 2374 2438 quandam
2406 2360 2695 2419 arborem
2746 2359 2980 2438 iagned
3011 2357 3260 2429 dictam,

696 2476 761 2529 et
804 2468 1029 2527 iterum
1060 2468 1235 2527 vadit
1279 2468 1342 2528 in
1390 2486 1590 2547 parvo
1623 2468 1839 2545 spacio
1888 2468 1970 2527 ad
2017 2467 2322 2528 orientem
2355 2469 2436 2528 ad
2468 2467 2653 2527 aliam
2687 2467 2976 2526 arborem
3007 2466 3260 2545 iagned,

696 2574 921 2635 deinde
973 2574 1357 2653 aliquantum
1388 2575 1487 2634 -ad
1533 2574 1921 2635 occidentem
1987 2582 2049 2634 et
2115 2573 2440 2634 meridiem
2487 2584 2550 2634 et
2594 2575 2734 2653 plus
2798 2575 2878 2634 ad
2937 2572 3260 2633 meridiem

695 2682 869 2743 vadit
915 2684 997 2742 ad
1044 2684 1364 2761 quandam
1409 2684 1692 2743 Mlakam
1737 2702 2058 2763 magnam,
2107 2683 2332 2743 deinde
2381 2683 2462 2742 ad
2509 2683 2827 2761 quandam
2857 2688 3089 2741 metam
3137 2688 3257 2739 ter-

693 2809 867 2849 ream
916 2786 999 2849 ad
1064 2791 1405 2865 meridiem,
1468 2792 1546 2850 ab
1595 2791 1739 2851 hinc
1801 2791 1984 2870 quasi
2031 2792 2112 2850 ad
2178 2790 2567 2851 occidentem
2632 2790 2714 2849 ad
2776 2789 2962 2849 aliam
3025 2796 3257 2847 metam

694 2905 981 2971 terream,
1032 2904 1094 2956 et
1140 2898 1219 2957 de
1266 2897 1409 2957 hinc
1470 2898 1694 2957 iterum
1742 2899 1823 2958 ad
1883 2906 2119 2957 metam
2180 2906 2468 2969 terream,
2530 2897 2593 2957 in
2640 2916 2767 2975 qua
2829 2904 2926 2956 est
2985 2896 3255 2974 quedam

697 3004 883 3064 arbor
928 3011 1148 3063 tenera
1196 3004 1371 3063 brezt
1417 3004 1587 3085 wlgo
1634 3003 1815 3078 dicta,
1865 3003 2092 3065 deinde
2141 3005 2220 3063 ad
2268 3004 2455 3064 aliam
2486 3013 2717 3064 metam
2745 3011 3031 3076 terream,
3080 3001 3259 3081 quasi

702 3110 785 3170 ad
833 3111 1101 3170 eundem
1149 3110 1555 3184 occidentem,
1602 3110 1665 3170 in
1712 3130 1839 3190 qua
1884 3120 1982 3171 est
2027 3112 2299 3190 quedam
2347 3112 2532 3171 arbor
2577 3111 2899 3188 zymolecz
2946 3110 3129 3183 dicta,
3179 3108 3257 3167 ab

695 3216 839 3275 hinc
870 3216 1095 3277 iterum
1144 3217 1225 3276 ad
1256 3224 1488 3276 metam
1517 3225 1787 3277 terream
1820 3225 2209 3295 spectantem
2238 3217 2673 3277 collateraliter
2721 3217 2800 3276 ad
2847 3216 3254 3287 occidentem,

695 3323 773 3384 ab
809 3324 953 3384 inde
1000 3325 1083 3383 ad
1130 3326 1445 3403 quandam
1480 3333 1711 3384 metam
1757 3333 2030 3385 terream
2063 3325 2293 3385 directe
2329 3326 2408 3384 ad
2441 3326 2810 3397 ocidentem,
2859 3324 2937 3383 ab
2985 3324 3130 3382 hinc
3177 3322 3258 3381 ad

701 3450 891 3490 unam
941 3439 1003 3490 et
1050 3432 1131 3491 ad
1180 3432 1365 3491 aliam
1412 3440 1645 3492 metam
1692 3440 1964 3493 terream
2014 3432 2246 3492 directe
2295 3433 2377 3493 ad
2422 3434 2692 3493 eundem
2740 3432 3146 3504 occidentem,
3196 3437 3258 3489 et

694 3537 921 3597 deinde
969 3538 1282 3599 modicum
1329 3539 1764 3599 collateraliter
1809 3539 1971 3599 inter
2016 3540 2404 3600 occidentem
2452 3548 2515 3600 et
2559 3538 3070 3618 septemtrionem
3115 3554 3255 3615 pro-

695 3646 996 3719 cedendO,
1046 3645 1106 3704 in
1154 3664 1350 3723 parvo
1398 3646 1611 3724 spacio
1658 3646 1944 3724 pervenit
1993 3648 2073 3707 ad
2119 3647 2436 3725 quandam
2467 3656 2699 3707 metam
2741 3645 3076 3724 spinarum,
3123 3653 3256 3703 ten-

697 3753 904 3812 dendo
953 3754 1033 3813 ad
1080 3752 1283 3831 ipsum
1332 3752 1857 3832 septemtrionem,
1907 3762 1970 3815 et
2015 3774 2128 3833 per
2175 3754 2376 3832 ipsam
2423 3762 2655 3813 metam
2704 3772 2816 3813 seu
2864 3753 3087 3812 dumos
3135 3750 3256 3829 spi-

691 3878 913 3919 narum
962 3860 1042 3919 ad
1090 3860 1359 3919 eundem
1406 3860 1914 3937 septemtrionem
1964 3862 2187 3934 eund0,
2255 3859 2427 3919 vadit
2475 3861 2556 3920 ad
2603 3861 2921 3939 quandam
2969 3860 3256 3919 arborem

690 3966 915 4039 tribuli,
961 3966 1025 4025 in
1072 3964 1273 4026 littore
1307 3966 1633 4026 cuiusdam
1662 3966 1843 4027 vallis
1891 3987 2088 4044 parve
2135 3967 2320 4027 sitam
2352 3975 2521 4027 meta
2552 3975 2758 4027 terrea
2791 3967 3258 4039 circumdatam,

693 4082 756 4134 et
800 4092 915 4151 per
960 4074 1228 4133 eandem
1276 4074 1499 4134 vallem
1566 4092 1827 4152 parvam
1875 4075 1954 4134 ab
2002 4074 2147 4134 hinc
2194 4075 2273 4134 ad
2321 4074 2524 4153 ipsum
2587 4074 2974 4134 occidentem
3005 4092 3257 4152 eproce-

699 4180 925 4255 dendo,
989 4180 1178 4241 intrat
1224 4189 1287 4241 et
1334 4181 1661 4242 descendit
1727 4181 1787 4241 in
1834 4182 2118 4242 Mlakam
2185 4200 2500 4262 magnam,
2566 4181 2856 4241 videlicet
2899 4182 2963 4241 in
3011 4199 3256 4259 aquam,

696 4296 758 4347 et
804 4306 917 4365 per
964 4288 1229 4347 eandem
1291 4289 1573 4348 Mlakam
1620 4288 1796 4348 vadit
1841 4289 1903 4348 in
1966 4290 2132 4349 bono
2201 4288 2416 4369 spacio
2465 4298 2528 4348 et
2574 4288 2699 4348 exit
2763 4289 2844 4348 ad
2909 4287 3255 4366 predictam

692 4394 1059 4454 sambucum
1108 4395 1358 4470 directe,
1404 4395 1511 4456 ubi
1558 4394 1758 4475 prima
1806 4404 1977 4457 meta
2008 4396 2358 4474 inceperat;
2406 4396 2557 4455 item
2604 4394 2802 4474 prima
2851 4405 3018 4456 meta
3050 4394 3254 4455 cuius-

695 4503 841 4562 dam
888 4512 1050 4563 terre
1100 4503 1351 4563 arabilis
1416 4504 1723 4564 dictorum
1788 4504 1955 4564 Petri
2005 4513 2067 4563 et
2111 4503 2354 4577 Blassii,
2419 4523 2613 4581 penes
2661 4513 2894 4563 metam
2957 4503 3256 4563 nobilium

692 4612 773 4670 de
820 4610 1201 4689 Lompnicza
1245 4611 1540 4687 Inferiori,
1603 4612 1817 4690 incipit
1882 4613 1960 4672 ab
2022 4612 2344 4672 occidente
2395 4631 2432 4671 a
2479 4612 2751 4690 quadam
2812 4620 2980 4672 meta
3044 4619 3254 4671 terrea

694 4736 890 4795 penes
934 4718 1128 4796 Zepy,
1177 4719 1255 4778 ab
1302 4718 1449 4778 inde
1495 4719 1668 4779 vadit
1717 4720 1797 4779 ad
1862 4720 2166 4779 orientem
2213 4720 2294 4779 ad
2343 4720 2529 4779 aliam
2577 4727 2810 4779 metam
2873 4728 3144 4779 terream
3193 4728 3255 4777 et

698 4823 777 4884 ab
824 4825 968 4883 hinc
1015 4826 1297 4904 procedit
1345 4828 1426 4885 ad
1472 4826 1795 4887 meridiem
1844 4828 1925 4886 ad
1973 4827 2290 4905 quandam
2352 4826 2644 4886 tribulum
2710 4845 2893 4885 cruce
2942 4825 3257 4905 signatam

696 4940 759 4990 et
805 4941 971 4991 meta
1018 4940 1225 4992 terrea
1292 4931 1757 5005 circumdatam,
1821 4933 2048 4993 deinde
2095 4934 2177 4992 ad
2225 4932 2408 4993 aliam
2470 4932 2762 4992 tribulum
2809 4933 2964 5012 glog
3010 4933 3258 5005 dictam,
