3917 5592
3040 459 3115 531 41

563 702 675 765 pro
691 686 986 765 „tempore
1021 689 1416 765 emergentes
1465 681 1874 759 contribuerit,
1908 694 1973 745 et
1999 682 2167 745 omni
2212 682 2527 745 fidelitatis
2563 684 2767 745 studio
2816 685 3127 761 assistent,

563 795 773 873 quoad
817 794 1068 869 viuent;
1139 793 1193 853 si
1237 812 1390 853 vero
1437 802 1651 853 notam
1719 793 2099 854 infidelitatis
2150 801 2257 852 aut
2301 793 2761 872 ingratitudinis
2815 792 3131 853 incurrent

565 901 912 980 aliqualem,
987 908 1214 961 extunc
1261 902 1339 960 de
1391 902 1524 961 iure
1572 910 1636 960 et
1681 900 2061 980 proprietate
2132 900 2489 979 supradicte
2536 900 2952 977 possessionis
3016 920 3127 961 seu

563 1018 727 1069 terre
777 1010 1004 1069 cadent
1053 1009 1188 1086 ipso
1236 1008 1418 1082 facte,
1469 1009 1728 1087 ipsaque
1765 1016 1932 1067 terra
1980 1027 2093 1068 seu
2140 1007 2460 1086 possessio
2506 1006 2731 1067 iterum
2779 1009 2861 1067 ad
2908 1027 3131 1067 manus

566 1116 817 1194 capituli
862 1124 1225 1176 reuertetur.
1319 1118 1388 1175 In
1437 1116 1612 1176 cuius
1659 1116 1750 1176 rei
1819 1116 2185 1176 memoriam
2234 1125 2297 1175 et
2342 1124 2711 1194 perpetuam
2756 1115 3131 1190 firmitatem,

564 1232 888 1302 presentes
936 1223 1306 1284 contulimus
1376 1223 1612 1282 litteras
1660 1223 1844 1303 sigilli
1915 1224 2112 1283 nostri
2157 1223 2485 1301 pendentis
2554 1223 2893 1283 munimine
2948 1224 3128 1282 robo-

565 1339 752 1390 rataS.
799 1332 1032 1391 Datum
1080 1339 1142 1391 et
1191 1338 1398 1391 actum
1443 1331 1507 1390 in
1555 1339 1761 1390 castro
1807 1330 2017 1407 Selyn,
2088 1332 2150 1390 in
2195 1331 2357 1391 festo
2404 1330 2574 1390 beati
2618 1330 2902 1390 Silvestri
2948 1349 3129 1409 pape,

567 1458 731 1500 anno
779 1439 1014 1499 domini
1061 1438 1306 1499 MCCC
1355 1439 1569 1517 quinto
1619 1439 1878 1499 decim0.

731 1578 736 1583 ’
780 1578 1064 1646 originale
1102 1580 1546 1634 membraneum.
1611 1580 1651 1633 Ε
1686 1578 1859 1647 ligula
1888 1579 2257 1633 membr-anea
2292 1579 2500 1647 pendet
2533 1579 2905 1647 fragmentum
2946 1578 3129 1648 sigilli.

569 1671 629 1723 In
689 1669 924 1723 archivo
983 1668 1213 1738 capituli
1271 1668 1544 1723 ecclesiae
1603 1668 2029 1737 Zagrabiensis:
2086 1668 2227 1721 Acta
2284 1666 2513 1736 capituli
2568 1668 2803 1736 antiqua
2857 1669 2989 1723 fasc.
3045 1668 3131 1723 23.

567 1759 668 1815 No.
695 1758 782 1813 46.
821 1760 882 1812 In
910 1758 1081 1813 dorso
1120 1758 1442 1813 annotatio:
1483 1757 1665 1827 Super
1693 1761 1900 1812 terram
1941 1756 2187 1825 Kagenik
2214 1755 2639 1812 confirmatoria
2674 1757 2945 1827 Stephani
2982 1758 3131 1812 bani.

1777 2044 1833 2115 3
1849 2044 1926 2115 7.

781 2156 967 2216 Anno
1023 2153 1206 2217 1322.

788 2375 840 2412 x.
889 2400 901 2413 .
951 2398 964 2413 .
1014 2398 1026 2411 .
1076 2352 1290 2412 Karoli
1337 2352 1506 2431 regis
1554 2352 1755 2412 littere
1795 2348 2422 2428 confirmacionale3,¹
2469 2371 2582 2431 per
2616 2371 2837 2412 manus
2886 2352 3135 2412 discreti

567 2459 683 2519 viri
729 2460 1014 2540 magistri
1060 2460 1352 2535 Ladislai,
1423 2461 1478 2518 T
1480 2460 1762 2520 itulensis
1809 2460 2072 2522 ecclesie
2143 2460 2458 2539 prepositi,
2530 2460 2821 2520 Albensis
2870 2460 3133 2520 ecclesie

571 2567 765 2642 electi,
815 2568 954 2627 aule
1003 2586 1114 2627 sue
1161 2567 1674 2643 vicecancellarii,
1731 2586 1895 2628 anno
1945 2566 2251 2627 dominice
2309 2567 2762 2627 incarnacionis
2810 2567 3135 2627 millesimo

571 2674 1008 2735 trecentesimo
1055 2674 1366 2755 vigesimo
1413 2674 1709 2750 secund0‚
1779 2675 1960 2755 regni
2009 2683 2219 2735 autem
2267 2676 2363 2734 sui
2413 2694 2576 2735 anno
2641 2675 2920 2735 similiter
2964 2675 3137 2755 vige·

571 2782 728 2841 simo
774 2782 1070 2857 secund0‚
1116 2780 1588 2862 priuilegialiter
1633 2790 1701 2841 vt
1745 2781 2055 2861 prefertur
2102 2790 2409 2857 emanate,
2473 2782 2713 2843 litteras
2758 2780 2983 2861 prefati
3031 2783 3139 2841 do·

571 2888 722 2949 mini
765 2889 918 2949 Bele
965 2888 1136 2970 regis
1183 2889 1780 2965 confirmacionaleS,
1849 2907 1962 2967 per
2008 2908 2233 2950 manus
2279 2888 2565 2970 magistri
2628 2889 2913 2950 Farkasii
2962 2890 3143 2951 electi

571 2996 878 3071 AlbensiS,
950 2998 1090 3057 aule
1136 3016 1250 3057 sue
1312 2995 1825 3070 vicecancellarii,
1887 2996 2095 3057 dilecti
2142 3004 2205 3058 et
2248 2997 2450 3057 fidelis
2516 2997 2628 3071 sui,
2700 3015 2864 3057 anno
2927 2996 3141 3077 gracie

571 3104 895 3164 millesimo
944 3105 1373 3166 ducentesimo
1425 3105 1822 3186 sexagesimo
1870 3098 2143 3184 quart0,²
2212 3105 2393 3185 regni
2440 3112 2651 3165 autem
2697 3104 2793 3165 sui
2841 3124 3005 3165 anno
3051 3104 3139 3164 vi-

571 3212 815 3292 gesimo
861 3230 1030 3273 nono
1079 3212 1413 3287 confectaS,
1461 3212 1950 3274 transcribentes
2001 3220 2063 3274 et
2110 3213 2553 3273 confirmantes
2601 3257 2613 3272 .
2663 3258 2675 3273 .
2726 3258 2738 3271 .
2790 3236 2840 3272 ,α

785 3350 966 3405 Huius
1005 3350 1328 3406 documenti
1358 3351 1589 3420 mentio,
1631 3352 1686 3406 in
1713 3351 1914 3407 litteris
1953 3351 2099 3421 regis
2137 3350 2408 3406 Lodovici
2449 3366 2497 3405 a.
2530 3350 2687 3406 1520.
2727 3350 2811 3405 11.
2839 3350 2997 3421 iunii,
3042 3367 3140 3420 rer

575 3441 814 3495 eundem
854 3455 1042 3509 regem
1097 3455 1149 3493 a.
1190 3438 1344 3495 1524.
1382 3440 1431 3495 4.
1475 3440 1788 3496 decembris
1843 3440 2233 3509 transumptis,
2293 3440 2547 3495 occurrit.
2625 3441 2685 3494 In
2726 3440 2959 3495 archivo
3007 3443 3141 3495 nob.

573 3545 856 3584 commun.
897 3528 966 3583 de
1006 3528 1330 3599 Turopolje.

794 3655 806 3683 ¹
845 3653 928 3707 Ad
967 3651 1297 3723 petitionem
1337 3656 1485 3711 Petri
1525 3655 1623 3710 filii
1663 3656 1950 3726 Stephani,
2004 3656 2273 3710 Iohannis
2313 3654 2413 3709 filii
2452 3656 2714 3725 kaaeh,
2768 3656 2991 3710 Andree
3030 3656 3129 3709 filii

585 3744 746 3811 letti,
789 3745 1102 3816 Wolkynya
1139 3751 1195 3801 et
1231 3746 1379 3801 Petri
1417 3746 1629 3801 civium
1671 3746 1738 3799 de
1779 3746 2065 3814 Zagrabia.
2108 3776 2173 3787 —-
2213 3746 2392 3801 Huius
2437 3745 2651 3801 mentio
2691 3745 2751 3799 in
2788 3746 2989 3799 litteris
3031 3746 3135 3799 Lu-

574 3834 760 3887 doviei
800 3835 945 3903 regis
982 3851 1032 3891 a.
1074 3834 1228 3890 1520.
1268 3835 1351 3890 11.
1393 3834 1548 3905 iunii,
1589 3836 1847 3891 occurrit.
1925 3837 1944 3865 ‘
1982 3835 2119 3890 Vide
2158 3835 2281 3890 doe.
2322 3850 2369 3889 a.
2411 3832 2566 3888 1264.
2604 3836 2709 3888 sub
2750 3832 2851 3889 Νο.
2907 3833 2989 3889 14.

1789 4084 1936 4156 38.

795 4250 982 4311 Anno
1039 4246 1224 4313 1324.
1274 4248 1376 4312 26.
1424 4252 1706 4313 ianuarii.
1753 4250 2123 4332 Zagrabiae.

582 4406 921 4473 Nicolaus
967 4410 1186 4475 totius
1233 4408 1640 4476 Sclavoniae
1670 4406 1910 4483 banus,
1966 4406 2605 4495 confirmationales
2652 4410 2973 4476 Ladislai
3020 4408 3141 4474 IV.

580 4516 1002 4603 Hungariae
1033 4522 1154 4583 etc.
1188 4519 1377 4604 reg-is
1406 4539 1470 4583 a.
1504 4532 1693 4599 1279.
1727 4522 1939 4603 super
1967 4517 2401 4585 libertatibus
2447 4520 2897 4605 iobagionum
2929 4519 3149 4584 castri

581 4622 1084 4709 Zagrabiensis
1121 4630 1253 4709 per
1281 4624 1656 4689 Nicolaum
1704 4623 1965 4689 banum
2012 4646 2057 4689 a
2105 4625 2292 4707 1278.
2342 4629 2450 4695 26.
2486 4627 2667 4691 maii
2714 4625 3149 4709 conscripti-9,

1450 4734 1831 4811 emanatas,
1879 4732 2270 4817 confirmat.

797 4898 1097 4959 Nicolaus
1141 4896 1346 4957 banus
1393 4897 1594 4957 tocius
1639 4897 1990 4972 Sclauonie,
2039 4915 2250 4957 comes
2296 4897 2739 4977 Suproniensis
2788 4905 2850 4957 et
2895 4898 2975 4958 de
3021 4898 3147 4957 Ka·

583 5024 804 5065 matun
851 5006 1092 5067 dilectis
1137 5006 1254 5065 sibi
1302 5006 1611 5073 vniuersis
1659 5005 1892 5067 Christi
1919 5005 2209 5066 fidelibus
2255 5025 2517 5085 presens
2558 5007 2857 5086 scriptum
2902 5005 3146 5084 inspec-
