3917 5592
844 413 974 475 330

835 630 1036 709 ipsam
1103 632 1420 692 dominam
1466 632 1811 709 Elyzabeth
1873 652 2017 693 cum
2080 633 2257 693 dictis
2320 634 2459 693 filiis
2516 633 2644 693 suis
2692 633 2753 693 in
2802 633 3141 695 dominium
3204 634 3397 714 ipsius

836 738 1134 798 sessionis
1205 748 1266 798 et
1325 738 1631 799 dictarum
1692 750 2001 800 terrarum
2059 740 2385 800 arabilium
2445 740 2931 815 introduxerunt,
2996 761 3071 802 ac
3134 743 3398 803 eandem

835 846 1182 906 sessionem
1212 866 1355 907 cum
1388 846 1566 907 dictis
1614 847 1794 906 terris
1827 847 2181 919 arabilibus,
2231 855 2293 907 et
2320 867 2461 907 cum
2510 848 2747 907 cunctis
2778 866 2996 909 earum
3037 849 3399 909 utilitatibus

834 960 896 1012 et
956 951 1352 1031 pertinenciis
1422 953 1747 1027 universis,
1820 955 2023 1015 eidem
2071 955 2320 1016 domine
2390 955 2736 1032 Elyzabeth
2798 964 2861 1015 et
2908 956 3086 1016 dictis
3132 956 3272 1016 filiis
3338 966 3401 1016 et

836 1060 1114 1138 ipsorum
1176 1061 1510 1122 heredibus
1571 1061 1915 1140 predictam
1964 1072 2251 1141 quartam
2313 1063 2653 1141 puellarem
2696 1071 3047 1123 statuerunt
3092 1072 3395 1143 perpetuo

834 1168 1277 1246 possidendam
1324 1169 1570 1229 nemine
1625 1170 1872 1249 penitus
1929 1171 2411 1246 contradicente,
2475 1170 2670 1231 tribus
2717 1171 2937 1232 diebus
2985 1171 3291 1232 continuis
3339 1182 3402 1232 et

835 1272 1151 1357 legittimis
1176 1276 1346 1337 iuxta
1373 1277 1550 1357 regni
1577 1278 2092 1338 consvetudinem
2120 1297 2361 1338 moram
2393 1278 2622 1339 ibidem
2655 1278 2957 1339 facientes
2983 1279 3397 1357 personalem.

834 1383 902 1442 In
934 1402 1197 1461 quorum
1247 1384 1522 1444 omnium
1569 1386 2015 1463 premissorum
2065 1387 2253 1446 robur
2298 1386 2781 1465 firmitatemque
2828 1395 3213 1465 perpetuam,
3261 1405 3399 1465 pre-

834 1492 1112 1552 sentibus
1160 1492 1362 1572 sigilla
1409 1502 1623 1553 nostra
1684 1494 1866 1554 solita
1929 1495 2217 1554 duximus
2282 1496 2713 1572 appendenda.
2775 1496 3009 1555 Datum
3070 1495 3400 1575 Zagrabie,

829 1598 987 1658 feria
1033 1601 1311 1661 secunda
1356 1601 1640 1679 proxima
1687 1610 1830 1661 ante
1875 1601 2104 1662 festum
2134 1602 2589 1679 purificacionis
2636 1601 2820 1662 beate
2868 1621 3119 1681 semper
3142 1602 3400 1682 virginis

832 1707 1050 1781 Marie,
1099 1727 1263 1768 anno
1311 1708 1544 1768 domini
1591 1708 1914 1769 millesimo
1962 1709 2580 1789 quadringentesimo
2627 1704 2711 1769 L⁰
2755 1709 2970 1788 quinto

1049 1828 1332 1899 Originale
1353 1832 1795 1901 membraneum,
1813 1832 2130 1901 dependent
2150 1832 2295 1885 duae
2315 1847 2493 1886 zonae
2516 1831 2779 1900 sericeae,
2798 1847 2909 1885 una
2929 1830 3171 1885 violacei
3188 1831 3400 1899 absque

829 1921 1030 1989 sigillo,
1079 1926 1134 1975 et
1171 1922 1348 1975 altera
1407 1921 1567 1976 rubei
1623 1926 1678 1977 et
1732 1922 1974 1976 violacei
2024 1921 2233 1977 coloris
2284 1937 2447 1977 cerea
2494 1922 2679 1976 solum
2734 1922 2967 1990 capsula
3021 1920 3252 1989 sigillari
3302 1921 3398 1973 ad·

823 2012 1108 2065 haerente.
1146 2012 1210 2065 In
1247 2012 1479 2067 archivo
1517 2011 1876 2066 accademiae
1914 2011 2108 2066 scient.
2148 2016 2203 2066 et
2241 2014 2339 2067 art.
2380 2011 2680 2066 Slavorum
2720 2010 2919 2069 merid.
2955 2009 3283 2079 Zagrabiae.

1055 2189 1072 2220 ¹
1111 2190 1208 2244 sic.

2013 2475 2225 2545 881.

1049 2675 1235 2734 Anno
1291 2672 1474 2735 1455.
1526 2672 1629 2734 29.
1676 2675 1956 2735 ianuarii.
2006 2675 2379 2755 Zagrabiae.

839 2882 1092 2948 Coram
1150 2884 1378 2948 Vlrico
1433 2882 1746 2947 Kostibol
1805 2885 2055 2948 comite
2143 2883 2393 2969 Campi
2448 2880 2942 2969 Zagrabiensis
3003 2906 3084 2949 ac
3140 2885 3202 2949 T
3194 2883 3402 2949 homa

823 2990 987 3075 filio
1034 2992 1248 3056 Pauli
1293 2991 1374 3055 de
1435 2989 1854 3075 Woynosecz,
1903 2993 2150 3056 comite
2214 2996 2376 3057 terr.
2445 2993 2754 3057 eiusdem
2807 2992 3072 3076 Campi,
3132 2995 3400 3057 contro-

830 3099 1066 3163 versia
1112 3099 1384 3163 ratione
1443 3098 1888 3183 quarundam
1941 3100 2484 3183 possessionum,
2544 3101 2734 3164 inter
2793 3098 3118 3163 Iacobum
3181 3098 3402 3163 Sohar

832 3209 899 3269 et
944 3203 1434 3289 Elyzabetham
1470 3204 1710 3290 filiam
1774 3205 2028 3290 Egidii
2072 3206 2153 3270 de
2200 3206 2592 3271 Korilowcz
2652 3209 2943 3285 vertenS,
3008 3206 3400 3270 dirimitur.

1045 3422 1178 3481 Nos
1212 3422 1454 3483 Vlricus
1499 3422 1784 3482 Kostibol
1822 3441 2035 3482 comes
2061 3421 2286 3500 Campi
2318 3423 2763 3503 Zagrabiensis
2813 3442 2887 3483 ac
2921 3423 3198 3483 Thomas
3232 3423 3395 3483 filius

834 3530 1013 3588 Pauli
1061 3530 1164 3589 filii
1212 3530 1478 3589 condam
1527 3528 1820 3609 Gregorii
1868 3529 1977 3589 filii
2009 3530 2219 3606 Woyn
2267 3530 2345 3589 de
2394 3531 2793 3608 Woynosecz
2826 3549 3039 3590 comes
3080 3530 3391 3589 terrestris

836 3638 1115 3697 eiusdem
1149 3636 1377 3715 Campi
1409 3637 1706 3697 memorie
1733 3636 2247 3696 commendamus
2283 3655 2397 3715 per
2419 3645 2761 3715 presentes,
2825 3638 2992 3716 quod
3026 3637 3205 3697 nobis
3237 3637 3395 3696 feria

841 3745 1119 3805 secunda
1164 3744 1446 3823 proxima
1493 3754 1635 3823 post
1666 3744 1896 3803 festum
1926 3744 2416 3823 Epiphaniarum
2450 3744 2699 3820 domini,
2748 3765 2914 3805 nunc
2945 3746 3226 3824 proxime
3257 3764 3395 3823 pre-

835 3853 1102 3928 teritum,
1150 3852 1221 3937 in⁸
1259 3852 1412 3912 sede
1460 3861 1673 3911 nostra
1719 3851 2043 3911 iudiciaria
2090 3851 2272 3911 solita
2316 3852 2727 3931 Zagrabiensi
2775 3872 2901 3912 una
2932 3871 3076 3912 cum
3121 3851 3399 3930 pluribus

838 3959 1016 4040 regni
1075 3968 1138 4020 et
1192 3959 1418 4037 Campi
1478 3958 1740 4038 predicti
1802 3958 2128 4032 nobilibuS,
2193 3959 2583 4019 assesoribus
2630 3958 2919 4019 videlicet
2982 3957 3228 4034 nostriS,
3289 3977 3397 4018 no-

838 4067 1079 4127 biscum
1126 4067 1190 4126 in
1235 4066 1462 4127 iudicio
1508 4084 1622 4144 pro
1669 4065 1959 4125 tribunali
1999 4066 2359 4126 sedentibus
2393 4086 2743 4147 causasque
2792 4075 3155 4127 cunctorum
3189 4084 3399 4125 coram

787 4192 797 4202 ·
841 4173 1021 4234 nobis
1053 4174 1440 4254 litigancium
1472 4174 1634 4233 iusto
1664 4172 1814 4232 iuris
1848 4173 2092 4233 tramite
2120 4174 2619 4249 discucientibuS,
2652 4175 2916 4234 Iacobus
2944 4174 3106 4234 filius
3132 4175 3397 4234 condam

841 4280 1152 4341 Valentini
1197 4280 1304 4341 filii
1351 4283 1518 4358 olym
1565 4280 1784 4357 Kyrini
1817 4280 1962 4340 dicti
1994 4280 2212 4351 Sobar,
2261 4280 2365 4339 filii
2412 4282 2650 4340 Munko
2685 4282 2763 4340 de
2796 4281 3163 4355 Korilowcz,
3193 4280 3254 4340 in
3285 4298 3401 4339 sua

839 4396 902 4449 et
949 4387 1241 4447 Iohannis
1288 4387 1395 4447 filii
1442 4388 1723 4447 eiusdem
1755 4386 2070 4446 Valentini
2101 4387 2208 4447 filii
2240 4387 2462 4465 prefati
2493 4388 2711 4465 Kyrini
2742 4389 2961 4463 Sobar,
3010 4388 3215 4448 fratris
3249 4406 3399 4447 vero

837 4496 934 4556 sui
981 4496 1236 4557 iunioris
1282 4496 1507 4555 uterini
1570 4504 1633 4554 et
1695 4494 1962 4554 carnalis
2024 4496 2325 4572 personiS‚
2390 4514 2547 4555 onus
2602 4504 2664 4555 et
2707 4514 3056 4576 gravamen
3118 4496 3398 4556 eiusdem

834 4604 1126 4664 Iohannis
1183 4603 1390 4663 fratris
1438 4602 1535 4662 sui
1581 4601 1836 4662 iunioris
1883 4620 1995 4661 seu
2044 4602 2330 4682 germani
2378 4603 2473 4662 sui
2520 4603 2583 4662 in
2631 4622 2699 4663 se
2747 4604 2951 4681 ipsum
3018 4611 3240 4681 sponte
3288 4620 3401 4680 per

836 4712 1047 4771 omnia
1095 4710 1557 4785 assummendO,
1606 4710 1685 4770 ab
1733 4728 1858 4770 una
1905 4717 2101 4787 parte,
2150 4718 2211 4769 et
2248 4710 2446 4787 proba
2482 4730 2555 4771 ac
2586 4712 2851 4771 honesta
2879 4710 3131 4771 domina
3177 4710 3399 4787 Elyza-

834 4819 983 4878 beth
1031 4828 1274 4893 vocata,
1323 4818 1538 4879 relicta
1586 4818 1852 4877 condam
1902 4817 2163 4898 Georgii
2210 4819 2449 4895 supani,
2499 4819 2605 4877 filii
2664 4818 2873 4898 Egidii
2920 4818 2999 4877 de
3048 4818 3213 4878 dicta
3271 4817 3397 4876 Ko-

837 4924 1102 4999 rilowcz,
1150 4924 1429 4985 similiter
1475 4924 1536 4984 in
1585 4944 1699 4985 sua
1747 4933 1810 4984 et
1854 4924 2041 4983 Bricii
2089 4944 2164 4984 ac
2197 4925 2439 4985 Thome
2472 4933 2535 4984 et
2565 4925 2773 4985 Iacobi
2807 4926 3069 4985 filiorum
3120 4944 3394 4999 suorum,
