3917 5592
831 470 916 535 26

2046 684 2191 754 24.

1045 818 1229 877 Anno
1289 815 1472 880 1272.

835 1011 1227 1095 Stephanus
1291 1012 1357 1077 V.
1429 1012 1850 1097 Hungariae
1895 1019 2013 1079 ete.
2062 1036 2197 1093 rex,
2238 1015 2653 1099 praecedens
2699 1014 3185 1077 documentum
3237 1032 3393 1077 con-

1979 1122 2251 1206 firmat.

1051 1338 1410 1417 Stephanus
1459 1340 1560 1400 dei
1591 1340 1808 1420 gracia
1853 1342 2151 1421 Vngarie,
2186 1342 2524 1416 Dalmacie,
2574 1340 2857 1415 Croacie,
2906 1342 3119 1415 Rame,
3166 1340 3393 1410 Seruie

839 1444 1115 1521 Gallicie,
1163 1448 1550 1523 Lodomerie,
1607 1448 1916 1509 Cumanie
1985 1450 2407 1530 Bulgarieque
2456 1469 2565 1509 rex
2637 1450 2923 1509 omnibus
2971 1448 3204 1509 Christi
3248 1448 3399 1507 fide-

839 1556 998 1615 libus
1045 1566 1369 1634 presentes
1413 1558 1651 1618 litteras
1699 1559 2070 1637 inspecturis
2128 1560 2394 1619 salutem
2440 1558 2504 1618 in
2551 1557 2827 1618 omnium
2876 1559 3207 1618 saluatore.
3298 1555 3401 1615 Ad

837 1664 1268 1723 vniuersorum
1338 1665 1632 1726 noticiam
1700 1674 1918 1726 tenore
1990 1667 2385 1745 presencium
2456 1667 2740 1725 volumus
2811 1665 3157 1743 peruenire,
3234 1662 3401 1742 quod

836 1772 1110 1848 Stanysk
1157 1771 1316 1831 filius
1347 1769 1746 1849 Waracysk,'
1772 1774 2026 1855 iobagio
2060 1775 2247 1834 castri
2292 1773 2740 1854 Zagrabiensis
2788 1792 2931 1832 cum
2977 1769 3397 1853 generacione

836 1898 952 1938 sua
1000 1880 1080 1939 ad
1127 1888 1406 1940 nostram
1477 1882 1785 1941 accedens
1833 1883 2243 1961 presenciam,
2317 1881 2591 1942 exhibuit
2637 1880 2816 1939 nobis
2866 1881 3101 1940 litteras
3150 1879 3398 1958 priuile-

837 1986 1035 2065 giales
1083 1982 1388 2047 Ioachini²
1432 1989 1580 2048 bani
1627 1989 1826 2049 tocius
1873 1990 2223 2064 Sclauonie,
2273 1990 2477 2050 dilecti
2512 1998 2573 2049 et
2615 1990 2812 2049 fidelis
2860 1987 3053 2049 nostri
3086 1989 3202 2048 sub
3250 2007 3400 2066 pen-

839 2095 1006 2155 denti
1053 2096 1256 2175 sigillo
1303 2096 1620 2157 confectas
1668 2116 1856 2176 super
1903 2098 2186 2158 libertate
2220 2117 2336 2157 sua
2384 2107 2446 2157 et
2478 2117 2732 2156 suorum
2781 2106 3209 2177 cognatorum,
3256 2116 3399 2173 sup-

837 2202 1126 2280 plicando
1173 2202 1497 2279 humiliter,
1545 2214 1612 2265 vt
1645 2205 1900 2265 easdem
1948 2214 2162 2265 nostro
2195 2204 2522 2284 priuilegio
2584 2205 2954 2265 confirmare
2987 2204 3403 2283 dignaremur.

838 2310 1118 2386 Quarum
1166 2318 1346 2370 tenor
1390 2312 1529 2370 talis
1579 2320 1702 2371 est:
1775 2312 2029 2389 (Vide
2087 2312 2673 2391 praecedens
2722 2313 2900 2371 doc.
2951 2330 3004 2371 a.
3064 2309 3245 2370 1271.
3297 2308 3398 2383 24,

841 2436 878 2475 a
902 2438 941 2475 u
967 2438 1026 2496 g.
1099 2438 1128 2475 s
1154 2438 1193 2476 u
1217 2418 1256 2477 b
1304 2418 1419 2477 No,
1470 2415 1615 2494 23.).
1708 2420 1840 2479 Nos
1889 2419 2077 2499 igitur
2124 2421 2205 2479 ad
2273 2420 2643 2498 peticionem
2700 2419 2957 2497 predicti
3003 2419 3275 2495 Stanysk
3325 2425 3402 2491 et,

843 2544 1096 2584 suorum
1167 2533 1578 2604 cognatorum
1647 2526 2071 2586 fauorabiliter
2140 2527 2429 2600 inclinati,
2501 2527 2563 2586 id
2610 2528 2778 2605 quod
2847 2545 2960 2604 per
3026 2520 3403 2604 predictum³

855 2632 1215 2692 Ioachinum
1261 2634 1511 2708 banum‚
1559 2634 1806 2693 fidelem
1855 2642 2154 2708 nostrum,
2203 2654 2391 2712 super
2438 2634 2721 2694 libertate
2770 2654 2987 2693 eorum
3035 2642 3243 2693 actum
3290 2642 3401 2702 est,

843 2750 1047 2800 ratum
1115 2736 1450 2800 habentes⁴
1513 2750 1575 2800 et
1636 2750 1980 2820 acceptum,
2051 2743 2287 2802 litteras
2360 2743 2638 2802 eiusdem
2713 2743 2859 2801 bani
2908 2742 2986 2801 de
3058 2742 3250 2801 verbo
3320 2742 3401 2800 ad

843 2849 1099 2908 verbum
1146 2848 1539 2926 presentibus
1588 2848 1775 2908 inseri
1846 2850 2164 2924 facienteS,
2214 2850 2580 2910 auctoritate
2634 2849 3027 2928 presencium
3062 2848 3400 2908 litterarum

840 2966 1190 3015 nostrarum
1262 2956 1702 3015 confirmamus
1774 2957 2079 3035 dupplicis
2128 2956 2311 3037 sigilli
2358 2957 2551 3016 nostri
2614 2957 2951 3016 munimine
3000 2952 3403 3016 roborand0.⁵

841 3064 1068 3122 Datum
1116 3082 1228 3142 per
1274 3082 1497 3122 manus
1527 3064 1812 3143 magistri
1859 3064 2183 3125 Benedicti
2226 3064 2524 3143 prepositi
2572 3064 2955 3138 OrodiensiS,
3006 3066 3144 3124 aule
3192 3072 3402 3123 nostre

843 3171 1349 3245 vicecancellarii,
1422 3171 1627 3230 dilecti
1676 3180 1737 3231 et
1782 3172 1983 3233 fidelis
2054 3171 2265 3245 nostri,
2338 3191 2501 3231 anno
2550 3172 2783 3232 domini
2843 3171 3169 3231 millesimo
3241 3164 3401 3229 CC0.

841 3278 1307 3358 septuagesimo
1355 3277 1648 3353 secund0,
1693 3280 1871 3358 regni
1921 3288 2132 3338 autem
2164 3279 2357 3339 nostri
2391 3298 2554 3339 anno
2603 3281 2896 3354 secundO,
2944 3279 3403 3339 venerabilibus

843 3386 1122 3464 patribus
1171 3385 1410 3463 Philipo
1457 3386 1888 3465 Strigoniensi,
1935 3388 2256 3466 Stephano
2305 3387 2656 3462 Colocensi,
2706 3389 2846 3447 aule
2894 3395 3105 3447 nostre
3154 3386 3394 3447 cancel-

841 3494 995 3553 lario
1031 3501 1091 3552 et
1122 3493 1395 3551 Iohanne
1442 3493 1807 3570 Spalacensi
1859 3494 2359 3573 archiepiscopiS,
2409 3497 2743 3573 Lamperto
2795 3494 3106 3574 Agriensi,
3155 3494 3394 3553 Briccio

841 3600 1280 3672 Chanadiensi,
1319 3599 1437 3677 Job
1485 3600 2157 3679 Quinqueecclesiensi,
2208 3602 2445 3680 Philipo
2494 3603 2830 3677 Waciensi,
2880 3603 3075 3662 Paulo
3123 3602 3401 3680 Wespri-

842 3708 1078 3783 miensi,
1148 3708 1498 3783 Tymotheo
1545 3708 1973 3787 Zagrabiensi,
2044 3710 2377 3769 Lodomiro
2424 3711 2843 3786 Waradiensi,
2914 3711 3194 3770 'Dionisio
3266 3711 3399 3769 Iau-

845 3816 1049 3889 riensi,
1119 3816 1306 3875 Petro
1355 3816 1804 3875 Transsiluano
1853 3816 2182 3895 episcopiS,
2234 3818 2551 3890 'ecclesias
2602 3818 2702 3877 dei
2748 3818 3006 3878 feliciter
3052 3818 3404 3897 gubernan-

844 3924 1023 3995 tibus,
1087 3922 1270 3997 Moys
1317 3922 1608 3999 palatinO,
1657 3924 1880 3983 comite
1928 3924 2349 4001 Soproniensi,
2398 3925 2599 3985 iudice
2648 3924 3095 4000 Cumanorum,
3144 3924 3403 3984 Nicolao

845 4030 1044 4091 iudice
1093 4030 1259 4089 curie
1305 4039 1533 4103 nostre,
1604 4030 1827 4090 comite
1873 4031 2248 4111 Simigiensi,
2307 4032 2533 4112 Egidio
2580 4033 2882 4112 magistro
2929 4034 3405 4105 tauernicorum,

846 4138 1070 4198 comite
1117 4138 1500 4209 Posoniensi,
1539 4138 1878 4214 Joachino'''
1923 4140 2089 4198 bano
2137 4140 2335 4199 tocius
2384 4141 2733 4213 Sclauonie,
2790 4142 3048 4199 Matheo
3094 4140 3407 4217 wayuoda

851 4244 1319 4319 Transsiluano,
1387 4245 1609 4305 comite
1657 4246 1896 4321 Zonuk‚
1966 4247 2314 4306 Laurencio
2384 4248 2549 4306 bano
2599 4249 2676 4307 de
2723 4248 3010 4321 ZeurinO,
3058 4248 3282 4307 comite
3330 4248 3407 4306 de

850 4354 1130 4439 Doboka,
1179 4353 1363 4411 Petro
1413 4353 1714 4432 magistro
1764 4353 2201 4431 dapiferorum,
2274 4354 2499 4413 comite
2549 4355 2626 4413 de
2675 4354 2908 4428 Gecke,
2972 4354 3229 4413 Alberto
3277 4372 3417 4424 maz

847 4461 1043 4541 gistro
1093 4479 1462 4539 agazonum,
1534 4459 1758 4520 comite
1807 4460 1884 4521 de
1931 4456 2221 4537 Zybmo,‘⁸
2290 4461 2530 4540 Philipo
2577 4463 2880 4541 magistro
2953 4462 3406 4539 pincernarum,

847 4568 1042 4627 Paulo
1087 4569 1269 4641 bano,
1304 4568 1527 4627 comite
1575 4568 1922 4638 Baehiensi,
1974 4568 2282 4649 Gregorio
2318 4570 2618 4649 magistro
2651 4569 3111 4628 tauernicorum
3160 4568 3406 4628 domine

850 4676 1083 4753 regine,
1133 4676 1356 4734 comite
1391 4674 1599 4735 Castri
1646 4675 1847 4750 ferrei,
1896 4676 2133 4736 Ponich
2164 4677 2349 4751 bano,
2398 4677 2623 4736 comite
2671 4676 3045 4751 Zaladiensi,
3094 4676 3403 4735 Michaele

848 4783 1070 4843 comite
1119 4783 1435 4843 Nittriensi
1484 4782 1740 4862 aliisque
1789 4781 2014 4864 quamss
2051 4784 2327 4862 pluribus
2377 4785 2705 4844 comitatus
2737 4785 2913 4861 regni
2964 4784 3157 4843 nostri
3190 4794 3404 4843 teneu-

847 4890 1014 4949 tibus
1063 4899 1124 4949 et
1171 4891 1458 4950 honores
