3917 5592
3016 472 3102 545 85

534 698 897 785 parochiam
929 718 1276 785 congruam
1310 706 1371 764 et
1403 706 1841 782 conpetentem
1887 697 2168 777 limitare,
2204 699 2567 777 concedere,
2614 699 2678 763 in
2712 704 3102 781 eandemque

537 812 886 892 cappellam
914 814 1326 887 sacerdotem,
1374 831 1562 891 quem
1606 813 1795 890 ydem
1827 812 2131 891 magister
2176 810 2399 871 Petrus
2440 812 2627 871 vellet
2675 828 3104 889 assumpmere

537 932 600 983 et
646 922 710 999 in
757 922 981 981 eadem
1030 940 1426 995 conseruare,
1477 938 1754 979 annuere
1802 918 2225 999 dignaremur.
2286 920 2519 981 Verum
2568 920 2716 997 quia
2760 921 2948 995 ydem
2996 919 3103 977 do-

534 1030 740 1089 minus
787 1037 1000 1089 noster
1047 1028 1396 1106 episcopuS,
1443 1029 1662 1087 volens
1695 1028 1774 1087 de
1810 1026 2303 1087 circumstanciis
2351 1035 2412 1086 et
2461 1034 2627 1086 statu
2660 1026 3104 1105 premissorum

538 1137 776 1197 cercius
851 1136 1134 1213 experiri,
1205 1154 1284 1194 ne
1333 1134 1513 1195 alicui
1584 1134 2008 1213 predictarum
2075 1134 2481 1194 ecclesiarum
2549 1134 2996 1212 parochialium
3044 1134 3105 1191 in

539 1244 947 1323 preiudicium
995 1244 1058 1302 in
1104 1244 1225 1303 hac
1271 1252 1448 1321 parte
1496 1252 1850 1321 generetur,
1900 1243 2081 1303 nobis
2129 1243 2545 1317 commiserat,
2601 1247 2841 1321 nosq'ue
2890 1260 3107 1302 eorum

539 1352 750 1412 arduis
798 1351 1078 1411 seruiciis
1127 1351 1409 1411 eiusdem
1479 1350 1711 1409 domini
1759 1351 1953 1410 nostri
2002 1350 2278 1428 episcopi
2335 1351 2737 1410 extiteramus
2785 1350 3107 1428 prepediti,

541 1459 1080 1519 commiseramus·
1105 1458 1238 1517 vice
1287 1466 1497 1517 nostre
1546 1476 1812 1534 persone
1855 1458 2199 1518 honorabili
2248 1467 2310 1517 et
2357 1459 2626 1517 discreto
2676 1458 2809 1517 viro
2856 1457 3107 1517 domino

543 1567 820 1641 Iohanni,
891 1566 1330 1625 archidiacono
1379 1566 1456 1624 ‘de
1503 1566 1720 1624 Vaska
1769 1574 1830 1625 et
1893 1566 2197 1625 canonico
2243 1566 2676 1645 Zagrabiensi,
2748 1572 2811 1625 et
2846 1565 3108 1625 'domino

543 1677 814 1757 Desew„
841 1673 1151 1733 sacerdoti
1184 1674 1407 1733 rectori
1455 1674 1721 1733 ecclesie
1750 1674 1949 1733 sancti
1980 1674 2181 1732 Marci
2214 1674 2292 1733 de
2326 1673 2609 1746 Gereth,¹
2662 1673 2832 1732 vices
2863 1680 3111 1731 nostras

544 1782 786 1863 gerenti
843 1782 906 1840 in
956 1780 1465 1840 archidiaconatu
1535 1788 1749 1840 nostro
1796 1781 2095 1859 predict0,
2168 1790 2236 1839 vt
2279 1781 2561 1859 predicta
2630 1780 3003 1858 perficerent
3050 1788 3113 1839 et

544 1891 623 1949 ad
672 1886 962 1949 effectum
1039 1890 1422 1949 deducerent
1471 1888 1620 1948 iuris
1692 1889 1908 1948 ordine
1955 1889 2312 1948 obseruatO.
2406 1888 2531 1965 Qui
2579 1888 2813 1947 scilicet
2881 1886 3114 1947 domini

545 1998 854 2057 Iohannes
903 1996 1379 2056 archidiaconus
1410 2004 1473 2057 et
1503 1997 1736 2056 Desew
1783 1996 2403 2056 vicearchidiaconus
2451 2006 2664 2056 noster
2712 1997 2792 2055 ad
2840 2015 2955 2055 nos
3005 2015 3111 2055 ve-

540 2106 800 2178 niente8‚
873 2104 1054 2163 nobis
1121 2104 1633 2164 certitudinaliter
1681 2105 2039 2177 retulerunt,
2110 2104 2277 2181 quod
2334 2104 2651 2182 predictus
2720 2104 2986 2180 populus
3034 2102 3113 2161 de

543 2212 768 2288 Chehy
838 2212 1136 2271 scandela
1205 2211 1486 2291 predicta
1553 2211 1920 2289 paciebatur
1994 2211 2245 2271 racione
2315 2211 2761 2289 premissorum
2824 2217 2888 2270 et
2948 2211 3115 2288 quod

547 2319 757 2378 omnia
826 2319 1134 2396 premissa
1207 2319 1295 2377 sic
1344 2337 1412 2377 se
1462 2317 1795 2393 habebant,
1865 2326 2049 2396 prout
2096 2318 2383 2397 superius
2455 2326 2599 2378 sunt
2664 2336 2983 2396 expressa,
3054 2326 3119 2377 et

545 2427 712 2515 quod
743 2426 980 2503 absque
1011 2425 1192 2504 graui
1236 2426 1509 2503 dampno
1544 2433 1606 2485 et
1637 2426 2009 2485 detrimento
2056 2426 2296 2504 prefate
2330 2426 2593 2486 ecclesie
2626 2426 2826 2485 sancti
2855 2425 3117 2505 Georgii

549 2534 627 2593 de
677 2532 870 2607 Odra,
914 2534 1194 2610 predicta
1243 2534 1528 2610 cappella
1598 2542 1814 2592 sancte
1863 2532 2051 2592 Clare
2123 2534 2201 2592 de
2268 2532 2491 2610 Chehy
2561 2541 2809 2611 poterat
2855 2533 3117 2593 comode

549 2641 748 2701 dotari
797 2647 859 2700 et
904 2640 1144 2714 ornari„
1191 2659 1391 2718 eoque
1425 2640 1488 2699 in
1521 2647 1710 2700 antea.
1753 2658 2075 2718 nunquam
2110 2632 2349 2721 aliquos
2398 2660 2668 2718 sapones
2698 2660 2811 2701 seu
2859 2641 3117 2700 cubulos

548 2746 874 2826 prescripti
943 2748 1154 2825 populi
1210 2749 1288 2807 de
1337 2746 1560 2824 Chehy
1625 2748 1861 2807 dabant
1929 2748 2241 2808 sacerdoti
2310 2750 2387 2809 de
2454 2749 2647 2823 Odra,
2718 2758 3115 2826 preterquam

549 2866 828 2933 tempore
900 2855 1261 2931 nouissimo,
1334 2875 1457 2934 quo
1529 2856 1695 2915 dicta
1765 2856 2083 2932 possessio
2132 2855 2355 2932 Chehy
2427 2856 2679 2915 devenit
2746 2856 2825 2914 ad
2896 2874 3119 2914 manus

551 2964 832 3023 eiusdem
879 2964 1164 3043 magistri
1236 2963 1404 3023 Petri
1452 2971 1514 3022 et
1559 2962 1822 3022 fratrum
1870 2983 2143 3037 suorum,
2214 2983 2430 3023 eorum
2477 2963 2727 3042 propria
2796 2964 3115 3022 voluntate

551 3073 754 3131 eidem
803 3071 1044 3149 aliquos
1091 3071 1352 3130 cubulos
1401 3071 1891 3130 aministrabant.
1958 3072 2201 3148 Quibus
2256 3072 2345 3130 sic
2391 3070 2701 3149 perceptis
2750 3079 2811 3130 et
2856 3070 3118 3147 repertis

553 3199 666 3239 nos
715 3198 788 3238 ex
839 3178 1276 3238 commissione
1323 3178 1548 3257 prefati
1612 3178 1848 3238 domini
1893 3178 2088 3238 nostri
2136 3179 2410 3257 episcopi
2460 3188 2523 3238 et
2569 3178 2702 3237 eius
2751 3177 3117 3238 auctoritate

552 3288 614 3347 in
662 3288 782 3347 hac
829 3296 1006 3364 parte
1055 3287 1234 3346 nobis
1284 3305 1606 3359 concessa,
1673 3287 2043 3347 auctoritate
2092 3287 2293 3346 eciam
2340 3288 2570 3361 statuti,
2641 3288 2807 3363 olym
2855 3306 2967 3364 per
3012 3305 3118 3345 ve-

555 3395 896 3454 nerabilem
926 3403 1168 3471 patrem
1217 3392 1538 3453 dominum
1567 3394 1936 3453 Ladizlaum
1985 3395 2350 3474 episcopum
2381 3394 2893 3475 Zagrabiensem,
2925 3392 3120 3453 felicis

553 3501 852 3561 memorie
898 3501 1064 3575 iacti,
1113 3492 1198 3560 et'
1222 3520 1420 3579 usque
1471 3501 1552 3560 ad
1598 3502 1714 3561 hec
1785 3510 2074 3579 tempora
2120 3502 2183 3561 in
2231 3502 2397 3560 dicta
2445 3500 2711 3587 ecclesia
2758 3508 2821 3561 et
2867 3498 3122 3576 dyocesi

483 3687 496 3699 ·
554 3608 970 3689 Zagrabiensi
1015 3608 1448 3668 inviolabiliter
1495 3609 1830 3682 obseruati,
1899 3609 1962 3667 in
2011 3627 2135 3687 quo
2208 3609 2573 3683 continetur,
2643 3608 2809 3687 quod
2859 3606 3123 3667 ecclesia

556 3715 930 3793 parochialis
978 3724 1228 3775 centum
1277 3716 1538 3775 cubulos
1586 3735 1699 3776 seu
1747 3735 2021 3794 sapones
2076 3715 2245 3776 bladi
2292 3718 2393 3776 vel
2441 3716 2642 3775 eciam
2687 3715 3124 3794 parochyanos

557 3824 819 3902 populos
867 3823 1106 3882 habens
1154 3823 1413 3883 deberet
1459 3824 1844 3899 contentari;
1917 3832 1979 3883 et
2027 3824 2173 3902 quia
2221 3824 2525 3900 reperitur
2572 3823 2909 3897 euidenter,
2957 3822 3126 3901 quod

558 3932 839 4010 predicta
885 3932 1152 3992 ecclesia
1199 3933 1277 3992 de
1326 3931 1501 3992 Odra
1571 3934 1732 3992 vltra
1781 3939 2031 3993 centum
2101 3932 2333 3991 habeat
2380 3951 2650 4009 sapones
2707 3952 2819 3991 seu
2866 3932 3125 3990 cubulos

556 4040 722 4100 bladi
790 4048 853 4098 et
916 4040 1355 4117 parochianOS,
1429 4040 1664 4100 reditus
1721 4040 1922 4100 eciam
1994 4040 2147 4100 satis
2218 4042 2420 4099 lautos
2470 4049 2531 4099 et
2580 4038 2977 4112 sufficienteS,
3048 4039 3128 4097 de

495 4197 504 4203 .
558 4148 781 4227 quibus
829 4148 990 4206 bene
1060 4155 1267 4225 potest
1313 4148 1676 4220 contentari,
1751 4147 1892 4207 ideo
1964 4121 2308 4225 predictam
2380 4148 2728 4225 cappellam
2774 4146 2837 4205 in
2889 4146 3127 4204 honore

561 4264 774 4315 sancte
823 4254 1012 4315 Clare
1083 4255 1342 4335 virginis
1388 4256 1450 4314 in
1497 4254 1782 4333 predicta
1853 4256 2253 4332 possessione
2302 4254 2526 4331 Chehy
2598 4262 3019 4313 constructam
3068 4262 3129 4311 et

561 4362 928 4421 cimiterium
977 4382 1089 4439 pro
1138 4362 1358 4422 eadem
1407 4362 1762 4422 consecrari
1808 4362 2017 4422 facere
2066 4362 2526 4435 committendO,
2576 4361 2902 4421 vniuersos
2950 4361 3122 4419 ioba-

561 4470 784 4549 giones
855 4468 1079 4547 prefati
1127 4472 1410 4551 magistri
1480 4472 1648 4530 Petri
1698 4480 1760 4531 et
1805 4470 2067 4530 fratrum
2137 4490 2392 4531 suorum
2441 4471 2518 4530 de
2567 4470 2849 4547 predicta
2904 4468 3127 4545 Chehy

564 4589 627 4639 et
671 4578 902 4639 ibi-dem
937 4579 998 4637 in
1031 4597 1248 4638 eorum
1294 4579 1802 4656 possessionibus
1848 4578 2098 4638 habitos
2131 4587 2193 4638 et
2225 4598 2441 4637 eorum
2489 4578 2709 4637 domos
2758 4584 2819 4636 et
2864 4575 3129 4635 familias

563 4685 803 4764 prefate
852 4685 1134 4763 cappelle
1167 4686 1534 4745 tradidimus
1581 4706 1696 4765 pro
1730 4687 1999 4746 comodo
2048 4686 2391 4745 sacerdotis
2426 4695 2487 4744 et
2520 4685 2639 4744 deo
2686 4683 3131 4743 famulancium

561 4794 626 4853 in
667 4792 908 4867 eadem,
943 4792 1344 4853 concedimus
1376 4794 1575 4853 eciam
1621 4794 1931 4873 premissa
1966 4794 2333 4853 auctoritate
2362 4792 2623 4871 predicti
2671 4791 2902 4851 domini
2936 4791 3131 4850 nostri

570 4898 844 4977 episcopi
879 4898 1086 4958 eidem
1129 4900 1434 4981 magistro
1467 4902 1670 4976 Petro,
1719 4912 1787 4961 vt
1817 4902 2213 4961 sacerdotem
2261 4918 2447 4978 quem
2480 4900 2742 4959 voluerit
2774 4900 2835 4958 in
2869 4898 3133 4958 eandem

567 5006 914 5083 cappellam
948 5026 1128 5066 suam
1156 5008 1620 5086 assumpmendi
1655 5018 1716 5067 et
1743 5010 1802 5068 in
1832 5010 2057 5069 eadem
2089 5008 2503 5067 conseruandi
2536 5008 2765 5066 habeat
2798 5006 3127 5083 opcionem
