3917 5592
835 446 966 511 368

1056 656 1340 726 originale
1378 658 1755 725 chartaceum,
1795 672 1830 711 a
1867 660 2022 725 tergo
2060 660 2297 727 apparet
2333 656 2632 725 vestigium
2666 656 2920 725 appressi
2960 656 3141 725 sigilli.
3180 656 3391 711 Ibidem

743 734 750 745 ’
843 748 1014 803 etiam
1053 746 1352 802 recentiori
1379 762 1552 801 manu
1590 746 1799 815 scripta
1833 746 2159 801 annotatio:
2203 746 2484 801 »Thomas
2524 746 2671 801 iilius
2698 745 2923 813 Georgii
2948 745 3395 815 Zthanilowych‚

837 836 1128 893 Dionisius
1167 836 1316 890 filius
1373 835 1597 905 Georgii
1655 836 1950 907 Myxychr.
1992 838 2051 889 In
2091 836 2241 891 arch.
2281 836 2469 891 acead.
2527 834 2720 891 scient.
2777 835 3000 891 Slavor.
3056 834 3255 891 merid.
3293 837 3395 890 Za-

836 927 1080 997 grabiae.
1970 936 1979 942 ·
3006 936 3011 941 ·

1058 1074 1072 1101 ¹
1111 1072 1385 1129 terminus
1430 1073 1745 1142 »oraculo«,
1785 1071 1881 1143 qui
1918 1071 2079 1143 sequi
2108 1072 2350 1143 deberet,
2372 1072 2545 1129 deest.
2621 1071 2642 1101 ¹
2676 1072 2760 1127 sic
2786 1070 3014 1143 (rectius
3042 1069 3398 1143 »maiores‹).

837 1160 857 1192 ³
895 1161 991 1220 sic.
1069 1161 1090 1191 ⁴
1124 1160 1222 1219 sic.

2017 1430 2131 1501 31
2155 1431 2230 1500 1.

1055 1600 1240 1659 Anno
1296 1596 1480 1660 1456.
1537 1597 1631 1658 11.
1681 1599 1948 1679 augusti.
1997 1597 2369 1679 Zagrabiae.

843 1775 1186 1841 Iohannes
1237 1775 1761 1860 Chwdorowych
1809 1795 2037 1840 comes
2086 1774 2334 1859 Campi
2393 1768 2889 1859 Zagrabiensis
2933 1796 3015 1839 ac
3062 1773 3405 1840 Iohannes

847 1883 1148 1970 Iagnych
1194 1883 1276 1948 de
1323 1882 1560 1968 Super.
1613 1882 2022 1959 kaawecz,
2068 1901 2291 1947 comes
2356 1883 2709 1947 terrestris
2766 1882 3074 1948 eiusdem
3140 1882 3405 1967 Campi,

848 1991 1302 2057 statutionem
1348 1990 1578 2069 Pauci,
1626 1990 1840 2067 Petri,
1889 1989 2271 2067 Benedicti,
2318 1987 2633 2067 Fabiani,
2693 1969 3063 2067 Valentihi,
3108 1989 3405 2055 atterius

855 2097 1236 2176 Benedicti,
1304 2096 1608 2184 Georgii,
1669 2096 2009 2182 Mathyae,
2069 2094 2368 2161 Thomae
2414 2099 2479 2160 et
2538 2095 2799 2161 Vrbani
2847 2090 3406 2162 descendentium

854 2206 1144 2272 condam
1201 2205 1534 2292 Gregorii
1581 2204 2000 2289 Kathowych
2048 2203 2129 2268 de
2178 2203 2453 2281 men,
2503 2204 2583 2269 in
2628 2204 3083 2292 quartalitias
3138 2210 3401 2291 posses-

1783 2313 2033 2389 siones,
2080 2310 2464 2397 notificant.

1059 2500 1194 2560 Nos
1240 2500 1550 2560 Iohannes
1598 2497 1775 2558 aliter
1821 2498 1995 2557 Iwan
2042 2495 2546 2573 Chwdorowych
2583 2504 2863 2571 vocatuS,
2912 2496 3275 2575 capitaneus
3323 2497 3405 2556 ci·

853 2606 1062 2666 vitatis
1109 2605 1668 2686 Montisgrecensis
1717 2604 1796 2665 de
1843 2604 2017 2664 iuxta
2080 2602 2462 2684 Zagrabiam
2511 2611 2573 2663 et
2620 2622 2831 2664 comes
2878 2602 3107 2682 Campi
3170 2605 3407 2685 Zagra-

853 2713 1090 2774 biensis
1140 2732 1214 2773 ac
1260 2713 1569 2773 Iohannes
1615 2711 1777 2771 filius
1826 2712 2093 2772 condam
2155 2710 2478 2771 Benedicti
2525 2710 2766 2789 swpani
2813 2711 3093 2791 Iagnych
3140 2710 3286 2772 dicti
3330 2712 3409 2771 de

848 2821 1148 2899 Superior
1180 2820 1571 2893 kaawecz,
1601 2837 1813 2879 comes
1844 2817 2155 2879 terrestris
2188 2817 2469 2878 eiusdem
2501 2817 2729 2896 Campi
2762 2818 3059 2880 memorie
3095 2837 3407 2879 commen-

851 2929 1075 2990 damus
1121 2937 1339 2988 tenore
1385 2926 1779 3006 presencium
1828 2926 2256 3005 significantes
2302 2925 2526 3004 quibus
2574 2925 2824 3004 expedit
2868 2925 3193 2999 universiS,
3241 2926 3412 3005 quod

857 3056 1000 3097 cum
1047 3055 1164 3096 nos
1211 3036 1294 3095 ad
1339 3035 1676 3095 instantem
1721 3033 2098 3113 peticionem
2145 3033 2322 3093 Pauli
2370 3040 2433 3093 et
2478 3032 2645 3093 Petri
2694 3052 2769 3093 ac
2815 3032 3139 3095 Benedicti
3187 3041 3250 3094 et
3294 3035 3343 3093 F
3346 3054 3411 3093 a·

857 3144 1026 3205 biani
1071 3144 1338 3205 filiorum
1372 3143 1641 3203 condam
1670 3142 1984 3211 Valentini
2029 3140 2138 3202 fflii
2184 3141 2329 3202 olim
2363 3141 2611 3201 domine
2644 3140 2927 3222 AgnetiS,
2974 3142 3099 3202 filie
3146 3143 3413 3202 condam

853 3251 1144 3332 Gregorii
1190 3250 1584 3327 Kathowych
1633 3250 1779 3311 dicti
1828 3250 1907 3310 de
1972 3250 2220 3324 stan,
2270 3256 2332 3309 et
2380 3249 2461 3308 ad
2506 3247 2842 3309 instantem
2904 3248 3279 3327 peticionem
3326 3249 3410 3309 al-

851 3359 1043 3420 terius
1090 3357 1404 3420 Valentini
1447 3358 1555 3419 filii
1601 3359 1871 3419 condam
1916 3356 2166 3418 domine
2214 3355 2639 3435 Margarethe,
2686 3356 2811 3416 filie
2856 3356 3085 3435 prefati
3145 3358 3411 3418 condam

853 3466 1143 3547 Gregorii
1188 3466 1601 3543 Kathowych,
1649 3464 1882 3526 sororis
1928 3463 2165 3524 scilicet
2210 3463 2405 3542 ipsius
2437 3462 2688 3523 domine
2734 3463 3021 3544 AgnetiS‚
3070 3482 3146 3524 ac
3194 3464 3276 3524 ad
3319 3464 3409 3523 in·

853 3581 1124 3634 stantem
1185 3573 1559 3652 peticionem
1624 3572 1948 3633 Benedicti
2005 3578 2068 3632 et
2113 3569 2374 3651 Georgii
2430 3570 2699 3630 filiorum
2759 3571 3028 3631 condam
3096 3571 3264 3632 Petri
3311 3571 3415 3632 filii

853 3680 1049 3761 ipsius
1097 3682 1346 3741 domine
1409 3680 1833 3761 Margarethe,
1897 3687 1960 3739 et
2008 3680 2088 3739 ad
2149 3678 2484 3738 instantem
2545 3678 2919 3757 peticionem
2981 3678 3241 3756 Mathye
3310 3678 3415 3739 filii

856 3790 1125 3850 condam
1174 3789 1416 3849 Thome
1475 3787 1584 3849 filii
1646 3788 1927 3848 similiter
1982 3787 2179 3867 ipsius
2240 3786 2489 3847 domine
2552 3786 2976 3867 Margarethe,
3040 3805 3115 3847 ac
3179 3788 3261 3847 ad
3324 3786 3413 3846 in-

859 3904 1128 3957 stantem
1174 3886 1548 3976 peticionem
1595 3897 1838 3958 Thome
1885 3897 1993 3957 filii
2040 3896 2306 3956 condam
2337 3893 2635 3955 Anthonii
2680 3894 2789 3955 filii
2836 3894 3116 3955 eiusdem
3163 3894 3413 3955 domine

859 4004 1282 4085 Margarethe,
1345 4024 1464 4065 nec
1525 4024 1649 4065 non
1698 4006 1780 4065 ad
1840 4004 2177 4064 instantem
2238 4002 2611 4081 peticionem
2674 4003 2912 4063 Vrbani
2974 4002 3083 4063 filii
3148 4003 3416 4063 condam

856 4112 1057 4173 Marci
1103 4112 1210 4173 filii
1259 4112 1538 4173 similiter
1584 4112 1864 4173 eiusdem
1913 4112 2163 4172 domine
2210 4111 2634 4191 Margarethe,
2696 4110 2937 4171 nobiles
2984 4110 3152 4171 viros
3214 4111 3414 4170 Bene·

857 4220 1088 4280 dictum
1137 4220 1457 4299 Krwpych
1504 4220 1754 4293 dictum,
1803 4237 2108 4299 generum
2156 4218 2423 4279 condam
2456 4218 2716 4299 Georgii
2762 4218 2841 4278 de
2890 4217 3122 4291 Mlaka,
3170 4235 3245 4278 ac
3274 4217 3415 4277 Bla-

859 4327 1022 4387 sium
1067 4328 1261 4387 filium
1308 4327 1546 4387 Mathie
1597 4328 1674 4387 de
1723 4327 1947 4387 eadem
2009 4326 2242 4401 Mlaka,
2290 4334 2353 4386 et
2397 4327 2744 4403 Stoyanum
2790 4324 2986 4385 filium
3032 4326 3274 4386 Thome
3336 4325 3415 4384 de

856 4434 1298 4512 Gwstynycza,
1347 4454 1424 4495 ac
1469 4433 1869 4495 Valentinum
1915 4433 2108 4493 filium
2155 4432 2447 4493 Damiani
2494 4434 2573 4492 de
2621 4433 2847 4507 Losan,
2911 4431 3279 4513 iobagiones
3326 4431 3413 4492 vi-

857 4541 1082 4602 delicet
1125 4550 1374 4602 nostros
1422 4541 1793 4621 fidedignOS,
1843 4541 1921 4601 de
1971 4541 2121 4600 sede
2172 4548 2387 4601 nostra
2418 4540 2741 4601 iudiciaria
2772 4540 2955 4600 solita
2985 4538 3413 4621 Zagrabiensi,

854 4649 1010 4709 feria
1057 4649 1334 4709 secunda
1382 4648 1664 4727 proxima
1695 4656 1835 4727 post
1880 4648 2111 4708 festum
2141 4647 2309 4707 beati
2354 4647 2563 4708 Iacobi
2596 4647 2878 4726 apostoli,
2923 4666 3091 4707 nunc
3135 4646 3415 4725 proxime

857 4756 1236 4834 preteritum,
1286 4756 1366 4815 ad
1430 4755 1888 4834 infrascriptam
1949 4763 2171 4835 quarte
2217 4754 2509 4833 puellaris
2572 4773 2791 4815 eorum
2854 4754 3414 4834 possessionariam

859 4863 1390 4924 introduccionem
1439 4872 1502 4923 et
1549 4863 1965 4924 statucionem
1990 4861 2345 4923 faciendam
2374 4862 2675 4943 legittime
2725 4862 3233 4937 destinassemuS,
3279 4868 3413 4921 tan·

863 4974 1006 5037 dem
1055 4972 1174 5057 ipsi
1220 4971 1588 5060 iobagiones
1651 4972 1844 5038 nostri
1909 4970 2212 5059 fidedigni
2273 4970 2336 5029 in
2398 4970 2726 5057 quindenis
2772 4970 3049 5057 predicte
3116 4969 3269 5037 ferie
3316 4988 3413 5038 se·
