3917 5592
853 403 938 467 32

2062 623 2207 694 29.

1065 768 1250 827 Anno
1309 766 1492 828 1278.

855 979 1104 1044 Coram
1141 981 1444 1064 capitulo
1477 982 1799 1046 ecclesiae
1827 982 2341 1066 ZagrabiensiS,
2389 984 2628 1048 Endre
2654 989 2718 1048 et
2750 985 2946 1049 swan
2968 983 3121 1068 filii
3151 985 3413 1069 Zloyna

843 1088 1268 1171 particulam
1317 1091 1544 1153 terrae
1591 1091 1906 1174 ipsorum
1936 1090 2273 1174 Rakarya.
2326 1091 2591 1155 duobus
2620 1093 2882 1156 marcis
2928 1092 3123 1155 Iwan
3169 1093 3414 1155 comiti

1649 1196 1811 1280 filio
1861 1197 2214 1276 Minizlai,
2262 1197 2587 1264 vendunt.

1063 1388 1422 1473 Capitulum
1471 1397 1733 1456 ecclesie
1803 1397 2249 1476 Zagrabiensis
2297 1397 2605 1457 vniuersis
2676 1418 2933 1475 presens
2982 1401 3277 1478 scriptum
3325 1401 3411 1458 in-

850 1503 1155 1581 specturis
1203 1504 1466 1563 salutem
1517 1505 1576 1562 in
1627 1505 1892 1563 domino
1974 1506 2073 1564 Ad
2123 1508 2541 1567 vniuersitatis
2592 1517 2795 1568 vestre
2844 1510 3136 1569 noticiam
3201 1523 3411 1570 tenore

848 1611 1242 1687 presencium
1312 1613 1599 1670 volumus
1668 1612 2017 1689 peruenire,
2089 1615 2257 1691 quod
2318 1616 2491 1674 Iwan
2562 1616 2785 1676 comite
2832 1617 2958 1675 filio
3028 1617 3324 1693 Minizlay
3377 1637 3417 1676 a

843 1726 1020 1795 parte
1069 1737 1209 1792 vna,
1261 1728 1321 1778 et
1369 1720 1576 1778 Endre
1623 1719 1748 1778 filio
1777 1720 2019 1795 Zloyna
2068 1741 2208 1779 cum
2257 1723 2427 1781 Iwan
2460 1722 2649 1781 fratre
2698 1710 2996 1796 eiusdem,
3044 1724 3191 1783 item
3240 1725 3411 1783 lwan

845 1825 971 1883 filio
1021 1826 1076 1884 V
1081 1826 1264 1902 oyha‚
1336 1825 1773 1906 iobagionibus
1821 1827 2007 1886 castri
2072 1828 2513 1907 Zagrabiensis
2564 1830 2641 1888 ab
2692 1831 2887 1889 altera
2956 1849 3171 1891 coram
3231 1832 3409 1890 nobis

839 1933 1252 2010 personaliter
1317 1935 1684 2007 constitutiS,
1757 1935 1920 1994 idem
1990 1936 2199 1995 Endre
2251 1944 2310 1995 et
2359 1937 2461 1996 alii
2528 1938 2944 2016 prenominati
3015 1939 3303 1998 dixerunt
3350 1948 3410 1998 et

840 2039 1112 2100 confessi
1181 2049 1326 2100 sunt
1395 2042 1730 2119 particulas
1800 2051 1967 2101 terre
2038 2043 2310 2120 ipsorum
2385 2046 2679 2121 Rakarya
2738 2054 2979 2119 vocate,
3048 2047 3407 2124 porcionem

843 2148 1124 2225 ipsorum
1171 2148 1627 2228 contingentes,
1697 2149 2056 2209 vendidisse
2106 2159 2169 2209 et
2214 2152 2545 2210 tradidisse
2606 2153 2775 2211 Iwan
2829 2153 3141 2212 antedicto
3192 2163 3253 2213 et
3297 2173 3409 2231 per

843 2274 988 2314 eum
1037 2255 1166 2314 suis
1239 2256 1572 2315 heredibus
1621 2257 2048 2335 heredumque
2119 2259 2587 2318 successoribus
2635 2259 2767 2318 iure
2840 2269 3141 2338 perpetuo
3212 2260 3407 2338 possi-

840 2363 1100 2436 dendaS,
1149 2363 1358 2423 Endre
1407 2363 1697 2424 videlicet
1746 2383 1886 2423 cum
1934 2365 2125 2423 fratre
2174 2384 2288 2424 suo
2334 2374 2662 2443 prenotato
2723 2366 3089 2444 porcionem
3132 2367 3409 2445 ipsorum

838 2489 952 2549 pro
1001 2471 1245 2530 duabus
1295 2473 1539 2546 marciS,
1611 2473 1782 2532 lwan
1830 2492 1982 2532 vero
2030 2473 2191 2532 filius
2238 2475 2580 2549 Woyhuna
2628 2475 2995 2548 antedictuS,
3050 2475 3409 2552 porcionem

839 2597 1020 2638 suam
1069 2579 1349 2639 similiter
1394 2600 1506 2658 pro
1557 2581 1800 2640 duabus
1851 2581 2094 2654 marciS,
2168 2601 2326 2659 quas
2372 2583 2586 2641 firmas
2633 2582 2896 2660 pecunie
2954 2581 3212 2659 predicti
3258 2601 3407 2640 ven-

838 2686 1069 2745 ditores
1119 2686 1390 2746 confessi
1437 2696 1597 2762 sunt,
1647 2707 1685 2746 a
1717 2689 1888 2747 Iwan
1936 2697 2283 2748 memorato
2320 2690 2627 2749 *habuisse
2659 2699 2719 2750 et
2750 2690 3027 2767 plenarie
3076 2690 3408 2767 recepisse,

837 2794 1192 2873 obligantes
1243 2815 1311 2854 se
1363 2796 1760 2875 expedituros
1833 2796 2221 2874 sepedictum
2268 2798 2440 2856 Iwan
2490 2805 2550 2856 et
2598 2798 2733 2856 eius
2780 2798 3045 2856 heredes
3096 2797 3172 2855 ab
3225 2795 3409 2868 omni,

840 2922 1031 2980 quam
1101 2903 1352 2962 racione
1402 2903 1706 2963 dictarum
1764 2913 2069 2962 terrarum
2141 2912 2357 2963 contra
2405 2906 2674 2964 eundem
2742 2925 3041 2983 processu
3110 2904 3409 2982 temporis

834 3010 980 3070 oriri
1029 3011 1422 3090 contingeret
1467 3011 1810 3090 questione.
1860 3013 2033 3070 Mete
2084 3020 2295 3071 autem
2333 3013 2821 3090 prescriptamm
2868 3021 3177 3072 terrarum
3225 3019 3409 3090 prout

835 3128 1044 3197 partes
1094 3119 1274 3178 nobis
1347 3120 1687 3178 retulerunt
1731 3119 1840 3177 tali
1887 3119 2102 3177 ordine
2174 3119 2674 3199 distinguuntur:
2749 3121 3013 3198 primam
3083 3128 3317 3179 metam
3366 3138 3405 3177 a

832 3237 1011 3305 parte
1060 3227 1314 3287 orientis
1387 3227 1622 3286 habent
1691 3226 2008 3304 quendam
2056 3227 2463 3286 monticulum
2534 3247 2645 3304 pro
2693 3238 2861 3287 meta
2932 3229 3102 3287 iuxta
3175 3237 3407 3286 terram

834 3335 1067 3393 domini
1115 3335 1189 3393 N.
1239 3335 1387 3393 bani
1433 3333 1649 3410 Selyni
1719 3341 2145 3412 nuncupatam
2194 3343 2256 3392 et
2301 3343 2535 3393 terram
2598 3335 2880 3398 eiusdem
2926 3337 3098 3395 Iwan
3146 3334 3407 3406 comitiS,

831 3442 976 3502 inde
1024 3462 1138 3520 per
1183 3444 1354 3502 illum
1386 3443 1792 3502 monticulum
1839 3461 2178 3520 parumper
2217 3443 2615 3521 procedendo
2664 3443 3038 3521 perueniunt
3086 3444 3167 3502 ad
3211 3441 3407 3502 alium

833 3550 1254 3624 monticulum,
1306 3570 1344 3610 a
1391 3570 1514 3628 quo
1561 3551 1826 3612 tendunt
1875 3550 1955 3608 ad
2002 3568 2193 3608 vnam
2241 3550 2514 3624 dumum,
2562 3570 2751 3628 quem
2798 3551 3031 3610 habent
3076 3569 3189 3628 pro
3216 3557 3401 3622 meta,

831 3658 975 3716 inde
1026 3677 1140 3735 per
1189 3677 1454 3735 paruum
1498 3657 1782 3736 spacium
1830 3656 2219 3716 descendunt
2250 3657 2313 3715 in
2344 3677 2535 3716 vnum
2569 3658 2629 3716 in
2677 3658 2870 3732 Laka,
2906 3677 2943 3716 a
2974 3677 3097 3736 quo
3146 3677 3184 3716 a
3229 3665 3408 3735 parte

832 3765 1174 3824 occidentis
1222 3784 1336 3842 per
1381 3766 1638 3844 longum
1689 3764 1973 3843 spacium
2018 3764 2250 3823 intrant
2296 3764 2360 3824 in
2406 3765 2705 3824 maiorem
2755 3766 3012 3839 Lakam,
3080 3785 3203 3843 que
3250 3784 3405 3824 nun-

837 3879 1101 3950 cupatur
1141 3872 1565 3951 Megemlaka,
1613 3872 1756 3934 inde
1789 3891 1902 3950 per
1935 3891 2127 3931 vnum
2175 3873 2429 3930 dumum
2477 3873 2738 3931 tendunt
2772 3873 2851 3931 ad
2881 3892 3071 3932 vnam
3120 3873 3407 3932 arborem

832 3980 1244 4062 gymulhynfa
1289 3989 1458 4040 meta
1503 3990 1711 4040 terrea
1751 3979 2207 4053 circumfusam,
2254 3979 2399 4038 inde
2452 3998 2673 4039 versus
2722 3979 3113 4039 occidentem
3144 3981 3409 4039 tendunt

836 4089 916 4147 ad
962 4096 1196 4146 metam
1243 4095 1530 4160 terream,
1581 4108 1703 4165 que
1739 4096 1837 4146 est
1863 4087 2035 4146 iuxta
2086 4105 2383 4165 magnam
2431 4087 2615 4160 viam,
2664 4086 2769 4145 vbi
2818 4096 2912 4145 est
2960 4094 3129 4146 meta
3174 4096 3403 4160 terrea,

833 4195 978 4254 inde
1024 4196 1289 4254 tendunt
1338 4197 1415 4254 ad
1464 4204 1592 4254 tres
1642 4196 1898 4254 arbores
1968 4213 2251 4253 merasas
2302 4202 2469 4253 meta
2514 4202 2721 4252 terrea
2770 4193 3195 4268 circumfusas,
3259 4195 3405 4253 inde

833 4303 1096 4362 tendunt
1144 4303 1226 4362 ad
1271 4303 1532 4362 fluuium
1581 4303 1874 4379 Rakarya
1921 4309 2366 4379 nuncupatum,
2414 4301 2521 4360 vbi
2569 4311 2663 4359 est
2712 4321 2837 4360 vna
2885 4301 3056 4374 saliit,
3104 4301 3249 4360 inde
3296 4319 3410 4379 per

834 4410 1104 4469 eundem
1151 4411 1412 4470 fluuium
1458 4410 1721 4469 tendunt
1768 4429 1989 4469 versus
2038 4397 2563 4487 septemtrionem,
2626 4418 2686 4467 et
2733 4409 2878 4467 inde
2925 4409 3410 4488 progrediuntur

835 4518 916 4576 ad
963 4525 1194 4578 terram
1243 4519 1414 4577 Iwan
1464 4517 1820 4594 supradicti,
1869 4516 1976 4575 vbi
2023 4535 2149 4574 vna
2196 4517 2382 4575 arbor
2434 4516 2656 4589 saliciS,
2732 4523 2794 4574 et
2841 4516 2930 4574 sic
2976 4515 3405 4574 terminantur.

833 4624 1272 4684 Commetanei
1320 4624 1518 4684 eciam
1553 4625 1858 4684 dictarum
1893 4633 2231 4682 terrarum:
2276 4623 2563 4683 videlicet
2609 4623 2952 4702 Bogdanus
2986 4622 3147 4682 filius
3174 4623 3401 4696 Borch,

831 4732 1196 4808 Wratizlow
1245 4732 1407 4790 filius
1454 4733 1689 4804 Inossa,
1738 4732 1966 4790 Iwazlo
2014 4731 2175 4791 filius
2225 4729 2579 4810 Pribinegh,
2628 4749 2840 4790 coram
2888 4729 3067 4788 nobis
3119 4737 3399 4789 astantes

833 4840 1112 4918 predicte
1161 4839 1516 4899 vendicioni
1565 4858 1748 4898 suurn
1778 4839 2164 4916 prebuerunt
2210 4857 2586 4896 consensum
2621 4845 2681 4896 et
2712 4856 3057 4896 assensum.
3104 4837 3172 4895 In
3224 4837 3401 4895 cuius

837 4947 927 5010 rei
974 4947 1342 5008 memoriam
1372 4955 1434 5006 et
1460 4956 1831 5027 perpetuam
1879 4946 2330 5020 certitudinem,
2362 4954 2688 5025 presentes
2738 4944 3162 5006 concessimus
3192 4944 3404 5008 literas
