<?xml version="1.0" encoding="UTF-8"?>
<!DOCTYPE html PUBLIC "-//W3C//DTD XHTML 1.0 Transitional//EN"
    "http://www.w3.org/TR/xhtml1/DTD/xhtml1-transitional.dtd">
<html xmlns="http://www.w3.org/1999/xhtml" xml:lang="en" lang="en">
 <head>
  <title>
</title>
<meta http-equiv="Content-Type" content="text/html;charset=utf-8" />
  <meta name='ocr-system' content='tesseract 3.04.00' />
  <meta name='ocr-capabilities' content='ocr_page ocr_carea ocr_par ocr_line ocrx_word'/>
</head>
<body>
  <div class='ocr_page' id='page_1' title='image "./povjesnispomeni01laszgoog_0063.png"; bbox 0 0 3917 5592; ppageno 0'>
   <div class='ocr_carea' id='block_1_1' title="bbox 2967 386 3065 451">
    <p class='ocr_par' dir='ltr' id='par_1_1' title="bbox 2967 386 3065 451">
     <span class='ocr_line' id='line_1_1' title="bbox 2967 386 3065 451; baseline -0.01 0"><span class='ocrx_word' id='word_1_1' title='bbox 2967 386 3065 451; x_wconf 87' lang='lat'><strong>13-</strong></span> 
     </span>
    </p>
   </div>
   <div class='ocr_carea' id='block_1_2' title="bbox 481 605 3047 1118">
    <p class='ocr_par' dir='ltr' id='par_1_2' title="bbox 481 605 3047 1118">
     <span class='ocr_line' id='line_1_2' title="bbox 483 605 3046 686; baseline -0.001 -18"><span class='ocrx_word' id='word_1_2' title='bbox 483 607 606 668; x_wconf 86' lang='lat' dir='ltr'><strong>alia</strong></span> <span class='ocrx_word' id='word_1_3' title='bbox 655 616 868 668; x_wconf 89' lang='lat' dir='ltr'><strong>autem</strong></span> <span class='ocrx_word' id='word_1_4' title='bbox 942 628 1089 686; x_wconf 89' lang='lat' dir='ltr'><strong>pars</strong></span> <span class='ocrx_word' id='word_1_5' title='bbox 1146 628 1222 667; x_wconf 84' lang='lat' dir='ltr'><strong>ex</strong></span> <span class='ocrx_word' id='word_1_6' title='bbox 1270 607 1448 686; x_wconf 88' lang='lat' dir='ltr'><strong>parte</strong></span> <span class='ocrx_word' id='word_1_7' title='bbox 1525 607 1882 682; x_wconf 85' lang='lat' dir='ltr'><strong>occidentiS,</strong></span> <span class='ocrx_word' id='word_1_8' title='bbox 1931 606 2122 667; x_wconf 86' lang='lat' dir='ltr'><strong>cessit</strong></span> <span class='ocrx_word' id='word_1_9' title='bbox 2189 607 2497 666; x_wconf 89' lang='lat' dir='ltr'><strong>Miruzlao</strong></span> <span class='ocrx_word' id='word_1_10' title='bbox 2545 615 2607 666; x_wconf 91' lang='lat' dir='ltr'><strong>et</strong></span> <span class='ocrx_word' id='word_1_11' title='bbox 2652 605 2791 666; x_wconf 90' lang='lat' dir='ltr'><strong>filiis</strong></span> <span class='ocrx_word' id='word_1_12' title='bbox 2838 606 3046 666; x_wconf 86' lang='lat' dir='ltr'><strong>Endre</strong></span> 
     </span>
     <span class='ocr_line' id='line_1_3' title="bbox 483 713 3045 794; baseline -0.001 -20"><span class='ocrx_word' id='word_1_13' title='bbox 483 714 828 790; x_wconf 79' lang='lat' dir='ltr'><strong>antedictiS,</strong></span> <span class='ocrx_word' id='word_1_14' title='bbox 877 725 939 776; x_wconf 92' lang='lat' dir='ltr'><strong>et</strong></span> <span class='ocrx_word' id='word_1_15' title='bbox 985 714 1078 775; x_wconf 92' lang='lat' dir='ltr'><strong>sic</strong></span> <span class='ocrx_word' id='word_1_16' title='bbox 1123 722 1387 794; x_wconf 89' lang='lat' dir='ltr'><strong>vtraque</strong></span> <span class='ocrx_word' id='word_1_17' title='bbox 1435 735 1584 794; x_wconf 86' lang='lat' dir='ltr'><strong>pars</strong></span> <span class='ocrx_word' id='word_1_18' title='bbox 1634 735 1670 774; x_wconf 92' lang='lat' dir='ltr'><strong>a</strong></span> <span class='ocrx_word' id='word_1_19' title='bbox 1717 715 1905 774; x_wconf 91' lang='lat' dir='ltr'><strong>modo</strong></span> <span class='ocrx_word' id='word_1_20' title='bbox 1953 715 2017 773; x_wconf 92' lang='lat' dir='ltr'><strong>in</strong></span> <span class='ocrx_word' id='word_1_21' title='bbox 2064 734 2221 792; x_wconf 91' lang='lat' dir='ltr'><strong>pace</strong></span> <span class='ocrx_word' id='word_1_22' title='bbox 2290 733 2481 792; x_wconf 86' lang='lat' dir='ltr'><strong>snper</strong></span> <span class='ocrx_word' id='word_1_23' title='bbox 2524 713 2691 773; x_wconf 88' lang='lat' dir='ltr'><strong>facto</strong></span> <span class='ocrx_word' id='word_1_24' title='bbox 2738 722 3045 774; x_wconf 84' lang='lat' dir='ltr'><strong>metarum</strong></span> 
     </span>
     <span class='ocr_line' id='line_1_4' title="bbox 483 821 3046 901; baseline -0.001 -19"><span class='ocrx_word' id='word_1_25' title='bbox 483 842 743 882; x_wconf 87' lang='lat' dir='ltr'><strong>suarum</strong></span> <span class='ocrx_word' id='word_1_26' title='bbox 791 823 979 883; x_wconf 89' lang='lat' dir='ltr'><strong>debet</strong></span> <span class='ocrx_word' id='word_1_27' title='bbox 1040 841 1428 901; x_wconf 88' lang='lat' dir='ltr'><strong>permanere,</strong></span> <span class='ocrx_word' id='word_1_28' title='bbox 1497 832 1561 884; x_wconf 91' lang='lat' dir='ltr'><strong>et</strong></span> <span class='ocrx_word' id='word_1_29' title='bbox 1606 825 1774 901; x_wconf 90' lang='lat' dir='ltr'><strong>quod</strong></span> <span class='ocrx_word' id='word_1_30' title='bbox 1822 823 2119 900; x_wconf 83' lang='lat' dir='ltr'><strong>deinceps</strong></span> <span class='ocrx_word' id='word_1_31' title='bbox 2190 821 2433 900; x_wconf 86' lang='lat' dir='ltr'><strong>questio</strong></span> <span class='ocrx_word' id='word_1_32' title='bbox 2478 821 2638 881; x_wconf 89' lang='lat' dir='ltr'><strong>inter</strong></span> <span class='ocrx_word' id='word_1_33' title='bbox 2706 822 2876 899; x_wconf 90' lang='lat' dir='ltr'><strong>ipsos</strong></span> <span class='ocrx_word' id='word_1_34' title='bbox 2922 840 3046 881; x_wconf 90' lang='lat' dir='ltr'><strong>non</strong></span> 
     </span>
     <span class='ocr_line' id='line_1_5' title="bbox 481 929 3047 1009; baseline -0.001 -19"><span class='ocrx_word' id='word_1_35' title='bbox 481 931 681 1008; x_wconf 88' lang='lat' dir='ltr'><strong>possit</strong></span> <span class='ocrx_word' id='word_1_36' title='bbox 708 930 966 1006; x_wconf 89' lang='lat' dir='ltr'><strong>moueri,</strong></span> <span class='ocrx_word' id='word_1_37' title='bbox 997 930 1236 996; x_wconf 86' lang='lat' dir='ltr'><strong>litteras</strong></span> <span class='ocrx_word' id='word_1_38' title='bbox 1264 935 1510 990; x_wconf 89' lang='lat' dir='ltr'><strong>nostras</strong></span> <span class='ocrx_word' id='word_1_39' title='bbox 1543 931 1786 1009; x_wconf 78' lang='lat' dir='ltr'><strong>Vtrique</strong></span> <span class='ocrx_word' id='word_1_40' title='bbox 1819 929 1981 1008; x_wconf 90' lang='lat' dir='ltr'><strong>parti</strong></span> <span class='ocrx_word' id='word_1_41' title='bbox 2012 929 2299 988; x_wconf 84' lang='lat' dir='ltr'><strong>duximus</strong></span> <span class='ocrx_word' id='word_1_42' title='bbox 2334 929 2787 990; x_wconf 83' lang='lat' dir='ltr'><strong>concedendas,</strong></span> <span class='ocrx_word' id='word_1_43' title='bbox 2813 929 3047 988; x_wconf 89' lang='lat' dir='ltr'><strong>Datum</strong></span> 
     </span>
     <span class='ocr_line' id='line_1_6' title="bbox 487 1031 3047 1118; baseline -0.001 -20"><span class='ocrx_word' id='word_1_44' title='bbox 487 1039 553 1098; x_wconf 88' lang='lat' dir='ltr'><strong>in</strong></span> <span class='ocrx_word' id='word_1_45' title='bbox 621 1038 845 1115; x_wconf 89' lang='lat' dir='ltr'><strong>Crisi0,</strong></span> <span class='ocrx_word' id='word_1_46' title='bbox 893 1038 955 1098; x_wconf 92' lang='lat' dir='ltr'><strong>in</strong></span> <span class='ocrx_word' id='word_1_47' title='bbox 1001 1039 1162 1099; x_wconf 86' lang='lat' dir='ltr'><strong>festo</strong></span> <span class='ocrx_word' id='word_1_48' title='bbox 1231 1040 1402 1099; x_wconf 90' lang='lat' dir='ltr'><strong>Luce</strong></span> <span class='ocrx_word' id='word_1_49' title='bbox 1450 1038 1857 1118; x_wconf 84' lang='lat' dir='ltr'><strong>ewangeliste</strong></span> <span class='ocrx_word' id='word_1_50' title='bbox 1908 1057 2072 1098; x_wconf 91' lang='lat' dir='ltr'><strong>anno</strong></span> <span class='ocrx_word' id='word_1_51' title='bbox 2142 1036 2375 1096; x_wconf 88' lang='lat' dir='ltr'><strong>domini</strong></span> <span class='ocrx_word' id='word_1_52' title='bbox 2442 1031 2807 1097; x_wconf 88' lang='lat' dir='ltr'><strong>M⁰.CC⁰.L⁰</strong></span> <span class='ocrx_word' id='word_1_53' title='bbox 2854 1045 3047 1096; x_wconf 82' lang='lat' dir='ltr'><strong>sexto,</strong></span> 
     </span>
    </p>
   </div>
   <div class='ocr_carea' id='block_1_3' title="bbox 482 1173 3045 1429">
    <p class='ocr_par' dir='ltr' id='par_1_3' title="bbox 482 1173 3045 1429">
     <span class='ocr_line' id='line_1_7' title="bbox 699 1173 3045 1248; baseline -0 -17"><span class='ocrx_word' id='word_1_54' title='bbox 699 1178 743 1231; x_wconf 85' lang='lat' dir='ltr'>E</span> <span class='ocrx_word' id='word_1_55' title='bbox 777 1182 1134 1248; x_wconf 79' lang='lat' dir='ltr'><strong>transumpto</strong></span> <span class='ocrx_word' id='word_1_56' title='bbox 1195 1178 1455 1247; x_wconf 81' lang='lat' dir='ltr'><strong>originali</strong></span> <span class='ocrx_word' id='word_1_57' title='bbox 1511 1177 1740 1241; x_wconf 76' lang='lat' dir='ltr'><strong>Ioannis</strong></span> <span class='ocrx_word' id='word_1_58' title='bbox 1780 1175 2008 1232; x_wconf 86' lang='lat' dir='ltr'><strong>Corvini</strong></span> <span class='ocrx_word' id='word_1_59' title='bbox 2048 1176 2386 1230; x_wconf 82' lang='lat' dir='ltr'><strong>Sclavoniae</strong></span> <span class='ocrx_word' id='word_1_60' title='bbox 2441 1175 2616 1244; x_wconf 71' lang='lat' dir='ltr'><strong>(lucie,</strong></span> <span class='ocrx_word' id='word_1_61' title='bbox 2674 1192 2723 1230; x_wconf 88' lang='lat' dir='ltr'><strong>a.</strong></span> <span class='ocrx_word' id='word_1_62' title='bbox 2765 1173 2920 1230; x_wconf 73' lang='lat'>1495.</span> <span class='ocrx_word' id='word_1_63' title='bbox 2960 1175 3045 1230; x_wconf 76' lang='lat'><strong>25.</strong></span> 
     </span>
     <span class='ocr_line' id='line_1_8' title="bbox 485 1263 3043 1337; baseline 0 -17"><span class='ocrx_word' id='word_1_64' title='bbox 485 1267 625 1322; x_wconf 90' lang='lat' dir='ltr'><strong>iulii.</strong></span> <span class='ocrx_word' id='word_1_65' title='bbox 701 1268 760 1322; x_wconf 87' lang='lat' dir='ltr'><strong>In</strong></span> <span class='ocrx_word' id='word_1_66' title='bbox 799 1268 1034 1324; x_wconf 81' lang='lat' dir='ltr'><strong>archivo</strong></span> <span class='ocrx_word' id='word_1_67' title='bbox 1091 1268 1247 1337; x_wconf 78' lang='lat' dir='ltr'><strong>regni</strong></span> <span class='ocrx_word' id='word_1_68' title='bbox 1291 1267 1627 1337; x_wconf 81' lang='lat' dir='ltr'><strong>Hungariae‚</strong></span> <span class='ocrx_word' id='word_1_69' title='bbox 1668 1265 2070 1335; x_wconf 83' lang='lat' dir='ltr'><strong>Budapestini:</strong></span> <span class='ocrx_word' id='word_1_70' title='bbox 2127 1265 2199 1318; x_wconf 91' lang='lat' dir='ltr'><strong>M.</strong></span> <span class='ocrx_word' id='word_1_71' title='bbox 2238 1263 2301 1319; x_wconf 93' lang='grc' dir='ltr'><strong>Ο.</strong></span> <span class='ocrx_word' id='word_1_72' title='bbox 2340 1265 2401 1319; x_wconf 94' lang='lat' dir='ltr'><strong>D.</strong></span> <span class='ocrx_word' id='word_1_73' title='bbox 2442 1265 2498 1320; x_wconf 86' lang='lat' dir='ltr'><strong>L.</strong></span> <span class='ocrx_word' id='word_1_74' title='bbox 2535 1263 2747 1334; x_wconf 68' lang='lat'>32887„</span> <span class='ocrx_word' id='word_1_75' title='bbox 2806 1265 2943 1320; x_wconf 88' lang='lat' dir='ltr'><strong>olim</strong></span> <span class='ocrx_word' id='word_1_76' title='bbox 2980 1264 3043 1320; x_wconf 89' lang='lat' dir='ltr'><strong>N.</strong></span> 
     </span>
     <span class='ocr_line' id='line_1_9' title="bbox 482 1354 2319 1429; baseline -0.001 -17"><span class='ocrx_word' id='word_1_77' title='bbox 482 1357 550 1412; x_wconf 81' lang='lat' dir='ltr'><strong>R.</strong></span> <span class='ocrx_word' id='word_1_78' title='bbox 589 1359 652 1412; x_wconf 80' lang='lat' dir='ltr'><strong>A.</strong></span> <span class='ocrx_word' id='word_1_79' title='bbox 691 1359 825 1413; x_wconf 81' lang='lat' dir='ltr'><strong>fasc.</strong></span> <span class='ocrx_word' id='word_1_80' title='bbox 865 1356 986 1412; x_wconf 76' lang='lat'><strong>137.</strong></span> <span class='ocrx_word' id='word_1_81' title='bbox 1023 1359 1128 1414; x_wconf 90' lang='lat' dir='ltr'><strong>No.</strong></span> <span class='ocrx_word' id='word_1_82' title='bbox 1164 1357 1215 1414; x_wconf 83' lang='lat'><strong>5.</strong></span> <span class='ocrx_word' id='word_1_83' title='bbox 1257 1388 1322 1396; x_wconf 94' lang='lat'><strong>—</strong></span> <span class='ocrx_word' id='word_1_84' title='bbox 1360 1357 1712 1429; x_wconf 67' lang='lat' dir='ltr'><strong>Kukuljevic,</strong></span> <span class='ocrx_word' id='word_1_85' title='bbox 1753 1358 2011 1428; x_wconf 74' lang='lat' dir='ltr'><strong>Regesta.</strong></span> <span class='ocrx_word' id='word_1_86' title='bbox 2053 1355 2157 1411; x_wconf 86' lang='lat' dir='ltr'><strong>No.</strong></span> <span class='ocrx_word' id='word_1_87' title='bbox 2199 1354 2319 1411; x_wconf 87' lang='lat'><strong>707.</strong></span> 
     </span>
    </p>
   </div>
   <div class='ocr_carea' id='block_1_4' title="bbox 486 1480 908 1488">
    <p class='ocr_par' dir='ltr' id='par_1_4' title="bbox 486 1480 908 1488">
     <span class='ocr_line' id='line_1_10' title="bbox 486 1480 908 1488; baseline 0 4104"><span class='ocrx_word' id='word_1_88' title='bbox 486 1480 908 1488; x_wconf 95' lang='lat' dir='ltr'><strong> </strong></span> 
     </span>
    </p>
   </div>
   <div class='ocr_carea' id='block_1_5' title="bbox 705 1533 1066 1590">
    <p class='ocr_par' dir='ltr' id='par_1_5' title="bbox 705 1533 1066 1590">
     <span class='ocr_line' id='line_1_11' title="bbox 705 1533 1066 1590; baseline 0.003 -1"><span class='ocrx_word' id='word_1_89' title='bbox 705 1533 724 1566; x_wconf 84' lang='lat'>¹</span> <span class='ocrx_word' id='word_1_90' title='bbox 762 1534 859 1590; x_wconf 86' lang='lat' dir='ltr'><strong>sic.</strong></span> <span class='ocrx_word' id='word_1_91' title='bbox 913 1536 932 1565; x_wconf 79' lang='lat'>²</span> <span class='ocrx_word' id='word_1_92' title='bbox 967 1535 1066 1590; x_wconf 81' lang='lat' dir='ltr'><strong>sic.</strong></span> 
     </span>
    </p>
   </div>
   <div class='ocr_carea' id='block_1_6' title="bbox 697 1817 1840 2010">
    <p class='ocr_par' dir='ltr' id='par_1_6' title="bbox 697 1817 1840 2010">
     <span class='ocr_line' id='line_1_12' title="bbox 1751 1817 1840 1889; baseline 0 0"><span class='ocrx_word' id='word_1_93' title='bbox 1751 1817 1840 1889; x_wconf 85' lang='lat'><strong>0.</strong></span> 
     </span>
     <span class='ocr_line' id='line_1_13' title="bbox 697 1821 1738 2010; baseline 0.002 0"><span class='ocrx_word' id='word_1_94' title='bbox 697 1949 882 2010; x_wconf 76' lang='lat' dir='ltr'><strong>Anno</strong></span> <span class='ocrx_word' id='word_1_95' title='bbox 941 1949 1125 2010; x_wconf 89' lang='lat'>1257.</span> <span class='ocrx_word' id='word_1_96' title='bbox 1201 1917 1213 1929; x_wconf 83' lang='grc'><strong><em>’</em></strong></span> <span class='ocrx_word' id='word_1_97' title='bbox 1696 1821 1738 1910; x_wconf 47' lang='grc' dir='ltr'><strong>ι</strong></span> 
     </span>
    </p>
   </div>
   <div class='ocr_carea' id='block_1_7' title="bbox 489 2143 3045 2338">
    <p class='ocr_par' dir='ltr' id='par_1_7' title="bbox 489 2143 3045 2338">
     <span class='ocr_line' id='line_1_14' title="bbox 489 2143 3045 2230; baseline 0 -22"><span class='ocrx_word' id='word_1_98' title='bbox 489 2145 746 2209; x_wconf 84' lang='lat' dir='ltr'><strong>Coram</strong></span> <span class='ocrx_word' id='word_1_99' title='bbox 805 2143 1123 2209; x_wconf 80' lang='lat' dir='ltr'><strong>Tiburtio</strong></span> <span class='ocrx_word' id='word_1_100' title='bbox 1151 2145 1400 2210; x_wconf 80' lang='lat' dir='ltr'><strong>comite</strong></span> <span class='ocrx_word' id='word_1_101' title='bbox 1453 2145 1931 2230; x_wconf 74' lang='lat' dir='ltr'><strong>Zagrabiensi,</strong></span> <span class='ocrx_word' id='word_1_102' title='bbox 1992 2144 2339 2230; x_wconf 85' lang='lat' dir='ltr'><strong>Yandrag,</strong></span> <span class='ocrx_word' id='word_1_103' title='bbox 2386 2143 2751 2208; x_wconf 78' lang='lat' dir='ltr'><strong>Martinus</strong></span> <span class='ocrx_word' id='word_1_104' title='bbox 2794 2147 2859 2209; x_wconf 77' lang='lat' dir='ltr'><strong>et</strong></span> <span class='ocrx_word' id='word_1_105' title='bbox 2906 2144 3045 2208; x_wconf 85' lang='lat' dir='ltr'><strong>Ka-</strong></span> 
     </span>
     <span class='ocr_line' id='line_1_15' title="bbox 648 2251 2884 2338; baseline 0.001 -22"><span class='ocrx_word' id='word_1_106' title='bbox 648 2251 937 2330; x_wconf 83' lang='lat' dir='ltr'><strong>rachun‚</strong></span> <span class='ocrx_word' id='word_1_107' title='bbox 985 2256 1251 2317; x_wconf 82' lang='lat' dir='ltr'><strong>terram</strong></span> <span class='ocrx_word' id='word_1_108' title='bbox 1299 2251 1535 2317; x_wconf 85' lang='lat' dir='ltr'><strong>Lonca</strong></span> <span class='ocrx_word' id='word_1_109' title='bbox 1581 2256 1894 2318; x_wconf 79' lang='lat' dir='ltr'><strong>vocatam</strong></span> <span class='ocrx_word' id='word_1_110' title='bbox 1929 2253 2121 2338; x_wconf 80' lang='lat' dir='ltr'><strong>filiis</strong></span> <span class='ocrx_word' id='word_1_111' title='bbox 2166 2251 2446 2337; x_wconf 78' lang='lat' dir='ltr'><strong>Endrey</strong></span> <span class='ocrx_word' id='word_1_112' title='bbox 2493 2252 2884 2318; x_wconf 78' lang='lat' dir='ltr'><strong>remittunt.</strong></span> 
     </span>
    </p>
   </div>
   <div class='ocr_carea' id='block_1_8' title="bbox 479 2453 3051 5010">
    <p class='ocr_par' dir='ltr' id='par_1_8' title="bbox 479 2453 3051 5010">
     <span class='ocr_line' id='line_1_16' title="bbox 697 2453 3047 2534; baseline 0 -22"><span class='ocrx_word' id='word_1_113' title='bbox 697 2453 830 2512; x_wconf 90' lang='lat' dir='ltr'><strong>Nos</strong></span> <span class='ocrx_word' id='word_1_114' title='bbox 901 2453 1253 2530; x_wconf 90' lang='lat' dir='ltr'><strong>Tyburcius</strong></span> <span class='ocrx_word' id='word_1_115' title='bbox 1311 2453 1759 2534; x_wconf 81' lang='lat' dir='ltr'><strong>Zagrabiensis</strong></span> <span class='ocrx_word' id='word_1_116' title='bbox 1829 2473 2043 2514; x_wconf 89' lang='lat' dir='ltr'><strong>comes</strong></span> <span class='ocrx_word' id='word_1_117' title='bbox 2110 2455 2191 2514; x_wconf 91' lang='lat' dir='ltr'><strong>ad</strong></span> <span class='ocrx_word' id='word_1_118' title='bbox 2251 2454 2686 2512; x_wconf 89' lang='lat' dir='ltr'><strong>uniuersorum</strong></span> <span class='ocrx_word' id='word_1_119' title='bbox 2754 2453 3047 2513; x_wconf 88' lang='lat' dir='ltr'><strong>noticiam</strong></span> 
     </span>
     <span class='ocr_line' id='line_1_17' title="bbox 483 2560 3047 2640; baseline 0 -21"><span class='ocrx_word' id='word_1_120' title='bbox 483 2561 708 2619; x_wconf 89' lang='lat' dir='ltr'><strong>harum</strong></span> <span class='ocrx_word' id='word_1_121' title='bbox 778 2560 940 2620; x_wconf 90' lang='lat' dir='ltr'><strong>serie</strong></span> <span class='ocrx_word' id='word_1_122' title='bbox 1011 2562 1300 2620; x_wconf 88' lang='lat' dir='ltr'><strong>uolumus</strong></span> <span class='ocrx_word' id='word_1_123' title='bbox 1370 2562 1740 2639; x_wconf 72' lang='lat' dir='ltr'><strong>peruenire„</strong></span> <span class='ocrx_word' id='word_1_124' title='bbox 1787 2562 1956 2640; x_wconf 88' lang='lat' dir='ltr'><strong>quod</strong></span> <span class='ocrx_word' id='word_1_125' title='bbox 2028 2581 2169 2621; x_wconf 92' lang='lat' dir='ltr'><strong>cum</strong></span> <span class='ocrx_word' id='word_1_126' title='bbox 2240 2561 2549 2640; x_wconf 86' lang='lat' dir='ltr'><strong>Yandrag</strong></span> <span class='ocrx_word' id='word_1_127' title='bbox 2612 2569 2675 2620; x_wconf 89' lang='lat' dir='ltr'><strong>et</strong></span> <span class='ocrx_word' id='word_1_128' title='bbox 2736 2560 3047 2620; x_wconf 88' lang='lat' dir='ltr'><strong>Martinus</strong></span> 
     </span>
     <span class='ocr_line' id='line_1_18' title="bbox 484 2667 3044 2748; baseline 0 -22"><span class='ocrx_word' id='word_1_129' title='bbox 484 2667 646 2726; x_wconf 87' lang='lat' dir='ltr'><strong>filius</strong></span> <span class='ocrx_word' id='word_1_130' title='bbox 679 2667 831 2740; x_wconf 84' lang='lat' dir='ltr'><strong>eiuS,</strong></span> <span class='ocrx_word' id='word_1_131' title='bbox 877 2667 1219 2727; x_wconf 89' lang='lat' dir='ltr'><strong>Karachun</strong></span> <span class='ocrx_word' id='word_1_132' title='bbox 1263 2667 1426 2728; x_wconf 88' lang='lat' dir='ltr'><strong>filius</strong></span> <span class='ocrx_word' id='word_1_133' title='bbox 1472 2669 1638 2742; x_wconf 90' lang='lat' dir='ltr'><strong>Wlk,</strong></span> <span class='ocrx_word' id='word_1_134' title='bbox 1672 2669 2044 2748; x_wconf 86' lang='lat' dir='ltr'><strong>iobagiones</strong></span> <span class='ocrx_word' id='word_1_135' title='bbox 2094 2668 2285 2728; x_wconf 83' lang='lat' dir='ltr'><strong>castri</strong></span> <span class='ocrx_word' id='word_1_136' title='bbox 2330 2667 2776 2748; x_wconf 89' lang='lat' dir='ltr'><strong>Zagrabiensis</strong></span> <span class='ocrx_word' id='word_1_137' title='bbox 2803 2675 2867 2726; x_wconf 86' lang='lat' dir='ltr'><strong>et</strong></span> <span class='ocrx_word' id='word_1_138' title='bbox 2912 2675 3044 2726; x_wconf 89' lang='lat' dir='ltr'><strong>tota</strong></span> 
     </span>
     <span class='ocr_line' id='line_1_19' title="bbox 483 2768 3044 2854; baseline 0 -21"><span class='ocrx_word' id='word_1_139' title='bbox 483 2774 822 2854; x_wconf 87' lang='lat' dir='ltr'><strong>generacio</strong></span> <span class='ocrx_word' id='word_1_140' title='bbox 886 2768 1120 2851; x_wconf 74' lang='lat' dir='ltr'><strong>eoru&#39;m,</strong></span> <span class='ocrx_word' id='word_1_141' title='bbox 1191 2776 1443 2835; x_wconf 91' lang='lat' dir='ltr'><strong>Lucach</strong></span> <span class='ocrx_word' id='word_1_142' title='bbox 1492 2785 1556 2837; x_wconf 88' lang='lat' dir='ltr'><strong>et</strong></span> <span class='ocrx_word' id='word_1_143' title='bbox 1600 2777 1824 2836; x_wconf 88' lang='lat' dir='ltr'><strong>fratres</strong></span> <span class='ocrx_word' id='word_1_144' title='bbox 1894 2795 2061 2850; x_wconf 83' lang='lat' dir='ltr'><strong>suOS,</strong></span> <span class='ocrx_word' id='word_1_145' title='bbox 2110 2775 2269 2835; x_wconf 82' lang='lat' dir='ltr'><strong>filios</strong></span> <span class='ocrx_word' id='word_1_146' title='bbox 2316 2776 2569 2852; x_wconf 90' lang='lat' dir='ltr'><strong>Endrey</strong></span> <span class='ocrx_word' id='word_1_147' title='bbox 2618 2775 2860 2834; x_wconf 90' lang='lat' dir='ltr'><strong>comitis</strong></span> <span class='ocrx_word' id='word_1_148' title='bbox 2929 2794 3044 2852; x_wconf 91' lang='lat' dir='ltr'><strong>pro</strong></span> 
     </span>
     <span class='ocr_line' id='line_1_20' title="bbox 481 2882 3046 2978; baseline 0.001 -38"><span class='ocrx_word' id='word_1_149' title='bbox 481 2891 652 2942; x_wconf 87' lang='lat' dir='ltr'><strong>terra</strong></span> <span class='ocrx_word' id='word_1_150' title='bbox 695 2882 946 2942; x_wconf 89' lang='lat' dir='ltr'><strong>nomine</strong></span> <span class='ocrx_word' id='word_1_151' title='bbox 1015 2883 1236 2942; x_wconf 89' lang='lat' dir='ltr'><strong>Lonka</strong></span> <span class='ocrx_word' id='word_1_152' title='bbox 1283 2883 1588 2944; x_wconf 80' lang='lat' dir='ltr'><strong>existente</strong></span> <span class='ocrx_word' id='word_1_153' title='bbox 1657 2883 1830 2978; x_wconf 70' lang='lat' dir='ltr'><strong>ipxta</strong></span> <span class='ocrx_word' id='word_1_154' title='bbox 1875 2884 2137 2944; x_wconf 88' lang='lat' dir='ltr'><strong>fluuium</strong></span> <span class='ocrx_word' id='word_1_155' title='bbox 2205 2882 2382 2943; x_wconf 91' lang='lat' dir='ltr'><strong>Odra</strong></span> <span class='ocrx_word' id='word_1_156' title='bbox 2427 2883 2491 2942; x_wconf 91' lang='lat' dir='ltr'><strong>in</strong></span> <span class='ocrx_word' id='word_1_157' title='bbox 2536 2890 2751 2942; x_wconf 86' lang='lat' dir='ltr'><strong>nostra</strong></span> <span class='ocrx_word' id='word_1_158' title='bbox 2817 2901 3046 2942; x_wconf 89' lang='lat' dir='ltr'><strong>conue-</strong></span> 
     </span>
     <span class='ocr_line' id='line_1_21' title="bbox 484 2988 3043 3067; baseline 0 -19"><span class='ocrx_word' id='word_1_159' title='bbox 484 2989 722 3048; x_wconf 89' lang='lat' dir='ltr'><strong>nissent</strong></span> <span class='ocrx_word' id='word_1_160' title='bbox 765 2988 1112 3066; x_wconf 89' lang='lat' dir='ltr'><strong>presencia,</strong></span> <span class='ocrx_word' id='word_1_161' title='bbox 1183 3008 1449 3066; x_wconf 89' lang='lat' dir='ltr'><strong>quorum</strong></span> <span class='ocrx_word' id='word_1_162' title='bbox 1496 2991 1829 3050; x_wconf 89' lang='lat' dir='ltr'><strong>terminum</strong></span> <span class='ocrx_word' id='word_1_163' title='bbox 1877 2989 2299 3067; x_wconf 89' lang='lat' dir='ltr'><strong>responsionis</strong></span> <span class='ocrx_word' id='word_1_164' title='bbox 2370 2991 2715 3051; x_wconf 88' lang='lat' dir='ltr'><strong>secundum</strong></span> <span class='ocrx_word' id='word_1_165' title='bbox 2783 3007 3043 3048; x_wconf 89' lang='lat' dir='ltr'><strong>consue-</strong></span> 
     </span>
     <span class='ocr_line' id='line_1_22' title="bbox 481 3097 3044 3177; baseline -0.001 -20"><span class='ocrx_word' id='word_1_166' title='bbox 481 3097 763 3157; x_wconf 89' lang='lat' dir='ltr'><strong>tudinem</strong></span> <span class='ocrx_word' id='word_1_167' title='bbox 833 3097 1244 3176; x_wconf 87' lang='lat' dir='ltr'><strong>approbatam</strong></span> <span class='ocrx_word' id='word_1_168' title='bbox 1316 3098 1512 3157; x_wconf 89' lang='lat' dir='ltr'><strong>semel</strong></span> <span class='ocrx_word' id='word_1_169' title='bbox 1585 3117 1660 3157; x_wconf 92' lang='lat' dir='ltr'><strong>ac</strong></span> <span class='ocrx_word' id='word_1_170' title='bbox 1729 3099 2008 3157; x_wconf 90' lang='lat' dir='ltr'><strong>secundo</strong></span> <span class='ocrx_word' id='word_1_171' title='bbox 2079 3116 2617 3177; x_wconf 81' lang='lat' dir='ltr'><strong>prorogassemu8‚</strong></span> <span class='ocrx_word' id='word_1_172' title='bbox 2690 3105 2902 3156; x_wconf 88' lang='lat' dir='ltr'><strong>tamen</strong></span> <span class='ocrx_word' id='word_1_173' title='bbox 2962 3097 3044 3155; x_wconf 88' lang='lat' dir='ltr'><strong>ad</strong></span> 
     </span>
     <span class='ocr_line' id='line_1_23' title="bbox 483 3204 3041 3284; baseline -0 -20"><span class='ocrx_word' id='word_1_174' title='bbox 483 3204 766 3264; x_wconf 87' lang='lat' dir='ltr'><strong>ultimum</strong></span> <span class='ocrx_word' id='word_1_175' title='bbox 813 3214 1150 3284; x_wconf 86' lang='lat' dir='ltr'><strong>antequam</strong></span> <span class='ocrx_word' id='word_1_176' title='bbox 1199 3206 1280 3264; x_wconf 90' lang='lat' dir='ltr'><strong>ad</strong></span> <span class='ocrx_word' id='word_1_177' title='bbox 1327 3205 1798 3283; x_wconf 88' lang='lat' dir='ltr'><strong>responsionem</strong></span> <span class='ocrx_word' id='word_1_178' title='bbox 1844 3213 2057 3284; x_wconf 87' lang='lat' dir='ltr'><strong>partes</strong></span> <span class='ocrx_word' id='word_1_179' title='bbox 2106 3207 2482 3267; x_wconf 88' lang='lat' dir='ltr'><strong>accederent</strong></span> <span class='ocrx_word' id='word_1_180' title='bbox 2541 3204 3041 3284; x_wconf 88' lang='lat' dir='ltr'><strong>peremptoriam,</strong></span> 
     </span>
     <span class='ocr_line' id='line_1_24' title="bbox 485 3312 3047 3392; baseline -0.001 -18"><span class='ocrx_word' id='word_1_181' title='bbox 485 3315 568 3374; x_wconf 90' lang='lat' dir='ltr'><strong>ad</strong></span> <span class='ocrx_word' id='word_1_182' title='bbox 612 3314 987 3392; x_wconf 89' lang='lat' dir='ltr'><strong>peticionem</strong></span> <span class='ocrx_word' id='word_1_183' title='bbox 1038 3322 1101 3372; x_wconf 90' lang='lat' dir='ltr'><strong>et</strong></span> <span class='ocrx_word' id='word_1_184' title='bbox 1145 3312 1516 3373; x_wconf 90' lang='lat' dir='ltr'><strong>instanciam</strong></span> <span class='ocrx_word' id='word_1_185' title='bbox 1546 3313 1804 3372; x_wconf 90' lang='lat' dir='ltr'><strong>istorum</strong></span> <span class='ocrx_word' id='word_1_186' title='bbox 1852 3313 2191 3391; x_wconf 87' lang='lat' dir='ltr'><strong>proborum</strong></span> <span class='ocrx_word' id='word_1_187' title='bbox 2210 3334 2243 3382; x_wconf 33' lang='lat'><strong>:-</strong></span> <span class='ocrx_word' id='word_1_188' title='bbox 2270 3314 2561 3374; x_wconf 87' lang='lat' dir='ltr'><strong>videlicet</strong></span> <span class='ocrx_word' id='word_1_189' title='bbox 2607 3313 2936 3390; x_wconf 89' lang='lat' dir='ltr'><strong>Myrozlay</strong></span> <span class='ocrx_word' id='word_1_190' title='bbox 2984 3319 3047 3371; x_wconf 87' lang='lat' dir='ltr'><strong>et</strong></span> 
     </span>
     <span class='ocr_line' id='line_1_25' title="bbox 483 3419 3043 3498; baseline -0.002 -16"><span class='ocrx_word' id='word_1_191' title='bbox 483 3421 791 3498; x_wconf 44' lang='lat' dir='ltr'><strong>&amp;Volizlay</strong></span> <span class='ocrx_word' id='word_1_192' title='bbox 836 3421 1149 3481; x_wconf 88' lang='lat' dir='ltr'><strong>terrestris</strong></span> <span class='ocrx_word' id='word_1_193' title='bbox 1197 3421 1440 3481; x_wconf 89' lang='lat' dir='ltr'><strong>comitis</strong></span> <span class='ocrx_word' id='word_1_194' title='bbox 1473 3421 1684 3495; x_wconf 86' lang='lat' dir='ltr'><strong>nostri,</strong></span> <span class='ocrx_word' id='word_1_195' title='bbox 1732 3421 1955 3497; x_wconf 91' lang='lat' dir='ltr'><strong>Borcii‚</strong></span> <span class='ocrx_word' id='word_1_196' title='bbox 2012 3422 2344 3498; x_wconf 89' lang='lat' dir='ltr'><strong>Menezlay</strong></span> <span class='ocrx_word' id='word_1_197' title='bbox 2392 3430 2455 3482; x_wconf 86' lang='lat' dir='ltr'><strong>et</strong></span> <span class='ocrx_word' id='word_1_198' title='bbox 2500 3421 2754 3481; x_wconf 90' lang='lat' dir='ltr'><strong>Martini</strong></span> <span class='ocrx_word' id='word_1_199' title='bbox 2802 3419 3043 3480; x_wconf 87' lang='lat' dir='ltr'><strong>comitis</strong></span> 
     </span>
     <span class='ocr_line' id='line_1_26' title="bbox 486 3527 3051 3607; baseline -0 -19"><span class='ocrx_word' id='word_1_200' title='bbox 486 3548 562 3588; x_wconf 90' lang='lat' dir='ltr'><strong>ac</strong></span> <span class='ocrx_word' id='word_1_201' title='bbox 608 3529 869 3589; x_wconf 88' lang='lat' dir='ltr'><strong>aliorum</strong></span> <span class='ocrx_word' id='word_1_202' title='bbox 914 3547 1104 3607; x_wconf 88' lang='lat' dir='ltr'><strong>quam</strong></span> <span class='ocrx_word' id='word_1_203' title='bbox 1171 3529 1456 3606; x_wconf 88' lang='lat' dir='ltr'><strong>plurium,</strong></span> <span class='ocrx_word' id='word_1_204' title='bbox 1527 3529 1952 3606; x_wconf 85' lang='lat' dir='ltr'><strong>supradictam</strong></span> <span class='ocrx_word' id='word_1_205' title='bbox 2020 3547 2281 3588; x_wconf 89' lang='lat' dir='ltr'><strong>causam</strong></span> <span class='ocrx_word' id='word_1_206' title='bbox 2356 3549 2469 3607; x_wconf 91' lang='lat' dir='ltr'><strong>pro</strong></span> <span class='ocrx_word' id='word_1_207' title='bbox 2536 3537 2706 3588; x_wconf 90' lang='lat' dir='ltr'><strong>terra</strong></span> <span class='ocrx_word' id='word_1_208' title='bbox 2752 3527 3051 3588; x_wconf 87' lang='lat' dir='ltr'><strong>iamdicta</strong></span> 
     </span>
     <span class='ocr_line' id='line_1_27' title="bbox 483 3637 3043 3717; baseline -0 -21"><span class='ocrx_word' id='word_1_209' title='bbox 483 3637 644 3698; x_wconf 88' lang='lat' dir='ltr'><strong>inter</strong></span> <span class='ocrx_word' id='word_1_210' title='bbox 687 3646 899 3717; x_wconf 86' lang='lat' dir='ltr'><strong>partes</strong></span> <span class='ocrx_word' id='word_1_211' title='bbox 930 3645 1310 3696; x_wconf 85' lang='lat' dir='ltr'><strong>memoratas</strong></span> <span class='ocrx_word' id='word_1_212' title='bbox 1359 3637 1780 3711; x_wconf 86' lang='lat' dir='ltr'><strong>uentilantem,</strong></span> <span class='ocrx_word' id='word_1_213' title='bbox 1828 3645 2013 3715; x_wconf 90' lang='lat' dir='ltr'><strong>prout</strong></span> <span class='ocrx_word' id='word_1_214' title='bbox 2059 3637 2261 3704; x_wconf 78' lang='lat' dir='ltr'><strong>eciam</strong></span> <span class='ocrx_word' id='word_1_215' title='bbox 2289 3638 2593 3696; x_wconf 88' lang='lat' dir='ltr'><strong>ambabus</strong></span> <span class='ocrx_word' id='word_1_216' title='bbox 2626 3637 2858 3715; x_wconf 85' lang='lat' dir='ltr'><strong>placuit</strong></span> <span class='ocrx_word' id='word_1_217' title='bbox 2901 3655 3043 3714; x_wconf 89' lang='lat' dir='ltr'><strong>par-</strong></span> 
     </span>
     <span class='ocr_line' id='line_1_28' title="bbox 483 3723 3041 3823; baseline 0 -20"><span class='ocrx_word' id='word_1_218' title='bbox 483 3745 665 3821; x_wconf 86' lang='lat' dir='ltr'><strong>tibus,</strong></span> <span class='ocrx_word' id='word_1_219' title='bbox 735 3744 1052 3805; x_wconf 89' lang='lat' dir='ltr'><strong>sentencie</strong></span> <span class='ocrx_word' id='word_1_220' title='bbox 1099 3733 1442 3804; x_wconf 81' lang='lat' dir='ltr'><strong>eorundem</strong></span> <span class='ocrx_word' id='word_1_221' title='bbox 1510 3743 1651 3822; x_wconf 89' lang='lat' dir='ltr'><strong>paci</strong></span> <span class='ocrx_word' id='word_1_222' title='bbox 1699 3723 2045 3805; x_wconf 78' lang='lat' dir='ltr'><strong>dimisimus</strong></span> <span class='ocrx_word' id='word_1_223' title='bbox 2094 3745 2451 3820; x_wconf 88' lang='lat' dir='ltr'><strong>reformare,</strong></span> <span class='ocrx_word' id='word_1_224' title='bbox 2523 3745 2629 3823; x_wconf 92' lang='lat' dir='ltr'><strong>qui</strong></span> <span class='ocrx_word' id='word_1_225' title='bbox 2676 3763 2834 3823; x_wconf 90' lang='lat' dir='ltr'><strong>pace</strong></span> <span class='ocrx_word' id='word_1_226' title='bbox 2880 3744 3041 3803; x_wconf 89' lang='lat' dir='ltr'><strong>inter</strong></span> 
     </span>
     <span class='ocr_line' id='line_1_29' title="bbox 481 3835 3050 3930; baseline -0.001 -17"><span class='ocrx_word' id='word_1_227' title='bbox 481 3853 654 3930; x_wconf 70' lang='lat' dir='ltr'><strong>ipsos</strong></span> <span class='ocrx_word' id='word_1_228' title='bbox 701 3835 990 3912; x_wconf 83' lang='lat' dir='ltr'><strong>ordinata</strong></span> <span class='ocrx_word' id='word_1_229' title='bbox 1057 3871 1186 3912; x_wconf 91' lang='lat' dir='ltr'><strong>una</strong></span> <span class='ocrx_word' id='word_1_230' title='bbox 1232 3871 1374 3911; x_wconf 90' lang='lat' dir='ltr'><strong>cum</strong></span> <span class='ocrx_word' id='word_1_231' title='bbox 1443 3852 1724 3930; x_wconf 76' lang='lat' dir='ltr'><strong>partibus</strong></span> <span class='ocrx_word' id='word_1_232' title='bbox 1771 3852 2115 3930; x_wconf 87' lang='lat' dir='ltr'><strong>prenotatis</strong></span> <span class='ocrx_word' id='word_1_233' title='bbox 2186 3853 2269 3912; x_wconf 92' lang='lat' dir='ltr'><strong>ad</strong></span> <span class='ocrx_word' id='word_1_234' title='bbox 2314 3859 2593 3924; x_wconf 86' lang='lat' dir='ltr'><strong>nostram</strong></span> <span class='ocrx_word' id='word_1_235' title='bbox 2652 3851 3050 3930; x_wconf 84' lang='lat' dir='ltr'><strong>presenciam</strong></span> 
     </span>
     <span class='ocr_line' id='line_1_30' title="bbox 485 3959 3048 4040; baseline -0.001 -21"><span class='ocrx_word' id='word_1_236' title='bbox 485 3959 816 4035; x_wconf 85' lang='lat' dir='ltr'><strong>redierunt,</strong></span> <span class='ocrx_word' id='word_1_237' title='bbox 887 3967 950 4020; x_wconf 90' lang='lat' dir='ltr'><strong>et</strong></span> <span class='ocrx_word' id='word_1_238' title='bbox 1016 3959 1208 4019; x_wconf 91' lang='lat' dir='ltr'><strong>iidem</strong></span> <span class='ocrx_word' id='word_1_239' title='bbox 1275 3959 1584 4040; x_wconf 90' lang='lat' dir='ltr'><strong>Yandrag</strong></span> <span class='ocrx_word' id='word_1_240' title='bbox 1652 3969 1716 4019; x_wconf 90' lang='lat' dir='ltr'><strong>et</strong></span> <span class='ocrx_word' id='word_1_241' title='bbox 1781 3960 1944 4020; x_wconf 84' lang='lat' dir='ltr'><strong>filius</strong></span> <span class='ocrx_word' id='word_1_242' title='bbox 2016 3959 2149 4019; x_wconf 86' lang='lat' dir='ltr'><strong>eius</strong></span> <span class='ocrx_word' id='word_1_243' title='bbox 2222 3959 2553 4019; x_wconf 90' lang='lat' dir='ltr'><strong>iamdictus</strong></span> <span class='ocrx_word' id='word_1_244' title='bbox 2622 3960 2921 4020; x_wconf 87' lang='lat' dir='ltr'><strong>Karacun</strong></span> <span class='ocrx_word' id='word_1_245' title='bbox 2985 3967 3048 4018; x_wconf 87' lang='lat' dir='ltr'><strong>et</strong></span> 
     </span>
     <span class='ocr_line' id='line_1_31' title="bbox 485 4066 3044 4147; baseline 0 -21"><span class='ocrx_word' id='word_1_246' title='bbox 485 4085 704 4126; x_wconf 88' lang='lat' dir='ltr'><strong>omnes</strong></span> <span class='ocrx_word' id='word_1_247' title='bbox 775 4067 1029 4147; x_wconf 85' lang='lat' dir='ltr'><strong>cognati</strong></span> <span class='ocrx_word' id='word_1_248' title='bbox 1097 4086 1331 4142; x_wconf 91' lang='lat' dir='ltr'><strong>eorum,</strong></span> <span class='ocrx_word' id='word_1_249' title='bbox 1399 4066 1822 4145; x_wconf 88' lang='lat' dir='ltr'><strong>supradictam</strong></span> <span class='ocrx_word' id='word_1_250' title='bbox 1892 4075 2125 4127; x_wconf 89' lang='lat' dir='ltr'><strong>terram</strong></span> <span class='ocrx_word' id='word_1_251' title='bbox 2174 4067 2518 4145; x_wconf 89' lang='lat' dir='ltr'><strong>prenotatis</strong></span> <span class='ocrx_word' id='word_1_252' title='bbox 2564 4067 2703 4127; x_wconf 89' lang='lat' dir='ltr'><strong>filiis</strong></span> <span class='ocrx_word' id='word_1_253' title='bbox 2773 4067 3044 4142; x_wconf 87' lang='lat' dir='ltr'><strong>Endrey,</strong></span> 
     </span>
     <span class='ocr_line' id='line_1_32' title="bbox 485 4171 3045 4252; baseline -0 -19"><span class='ocrx_word' id='word_1_254' title='bbox 485 4173 728 4233; x_wconf 89' lang='lat' dir='ltr'><strong>duabus</strong></span> <span class='ocrx_word' id='word_1_255' title='bbox 777 4193 1032 4250; x_wconf 86' lang='lat' dir='ltr'><strong>marcys</strong></span> <span class='ocrx_word' id='word_1_256' title='bbox 1077 4174 1154 4234; x_wconf 87' lang='lat' dir='ltr'><strong>ab</strong></span> <span class='ocrx_word' id='word_1_257' title='bbox 1190 4171 1428 4234; x_wconf 88' lang='lat' dir='ltr'><strong>eisdem</strong></span> <span class='ocrx_word' id='word_1_258' title='bbox 1475 4173 1726 4233; x_wconf 88' lang='lat' dir='ltr'><strong>racione</strong></span> <span class='ocrx_word' id='word_1_259' title='bbox 1759 4173 1932 4252; x_wconf 88' lang='lat' dir='ltr'><strong>pacis</strong></span> <span class='ocrx_word' id='word_1_260' title='bbox 1982 4183 2049 4234; x_wconf 94' lang='lat' dir='ltr'><strong>et</strong></span> <span class='ocrx_word' id='word_1_261' title='bbox 2091 4173 2532 4234; x_wconf 89' lang='lat' dir='ltr'><strong>conuencionis</strong></span> <span class='ocrx_word' id='word_1_262' title='bbox 2580 4173 2863 4252; x_wconf 82' lang='lat' dir='ltr'><strong>receptiS,</strong></span> <span class='ocrx_word' id='word_1_263' title='bbox 2913 4173 3045 4233; x_wconf 91' lang='lat' dir='ltr'><strong>sine</strong></span> 
     </span>
     <span class='ocr_line' id='line_1_33' title="bbox 482 4263 3047 4360; baseline -0.001 -19"><span class='ocrx_word' id='word_1_264' title='bbox 482 4281 690 4359; x_wconf 86' lang='lat' dir='ltr'><strong>aliqua</strong></span> <span class='ocrx_word' id='word_1_265' title='bbox 736 4281 1236 4341; x_wconf 88' lang='lat' dir='ltr'><strong>contradiccione</strong></span> <span class='ocrx_word' id='word_1_266' title='bbox 1284 4281 1656 4341; x_wconf 89' lang='lat' dir='ltr'><strong>remiserunt</strong></span> <span class='ocrx_word' id='word_1_267' title='bbox 1681 4263 1819 4341; x_wconf 50' lang='lat' dir='ltr'><strong>’iure</strong></span> <span class='ocrx_word' id='word_1_268' title='bbox 1852 4290 2156 4360; x_wconf 84' lang='lat' dir='ltr'><strong>perpetuo</strong></span> <span class='ocrx_word' id='word_1_269' title='bbox 2203 4281 2663 4360; x_wconf 89' lang='lat' dir='ltr'><strong>possidendam,</strong></span> <span class='ocrx_word' id='word_1_270' title='bbox 2712 4301 2833 4360; x_wconf 92' lang='lat' dir='ltr'><strong>que</strong></span> <span class='ocrx_word' id='word_1_271' title='bbox 2880 4289 3047 4340; x_wconf 87' lang='lat' dir='ltr'><strong>terra</strong></span> 
     </span>
     <span class='ocr_line' id='line_1_34' title="bbox 485 4386 3046 4466; baseline -0 -19"><span class='ocrx_word' id='word_1_272' title='bbox 485 4396 713 4447; x_wconf 89' lang='lat' dir='ltr'><strong>uocata</strong></span> <span class='ocrx_word' id='word_1_273' title='bbox 757 4388 994 4462; x_wconf 89' lang='lat' dir='ltr'><strong>Lonka,</strong></span> <span class='ocrx_word' id='word_1_274' title='bbox 1043 4397 1228 4466; x_wconf 89' lang='lat' dir='ltr'><strong>prout</strong></span> <span class='ocrx_word' id='word_1_275' title='bbox 1275 4407 1312 4447; x_wconf 90' lang='lat' dir='ltr'><strong>a</strong></span> <span class='ocrx_word' id='word_1_276' title='bbox 1357 4387 1639 4466; x_wconf 89' lang='lat' dir='ltr'><strong>partibus</strong></span> <span class='ocrx_word' id='word_1_277' title='bbox 1667 4388 2098 4463; x_wconf 81' lang='lat' dir='ltr'><strong>intelleximuS,</strong></span> <span class='ocrx_word' id='word_1_278' title='bbox 2148 4408 2187 4448; x_wconf 92' lang='lat' dir='ltr'><strong>a</strong></span> <span class='ocrx_word' id='word_1_279' title='bbox 2232 4389 2621 4449; x_wconf 89' lang='lat' dir='ltr'><strong>meridionali</strong></span> <span class='ocrx_word' id='word_1_280' title='bbox 2669 4398 2731 4448; x_wconf 90' lang='lat' dir='ltr'><strong>et</strong></span> <span class='ocrx_word' id='word_1_281' title='bbox 2759 4386 3046 4448; x_wconf 87' lang='lat' dir='ltr'><strong>orientali</strong></span> 
     </span>
     <span class='ocr_line' id='line_1_35' title="bbox 479 4487 3044 4577; baseline 0 -22"><span class='ocrx_word' id='word_1_282' title='bbox 479 4495 757 4574; x_wconf 89' lang='lat' dir='ltr'><strong>partibus</strong></span> <span class='ocrx_word' id='word_1_283' title='bbox 805 4495 1203 4577; x_wconf 81' lang='lat' dir='ltr'><strong>contignatur</strong></span> <span class='ocrx_word' id='word_1_284' title='bbox 1273 4487 1438 4556; x_wconf 83' lang='lat' dir='ltr'><strong>terre</strong></span> <span class='ocrx_word' id='word_1_285' title='bbox 1486 4496 1860 4557; x_wconf 88' lang='lat' dir='ltr'><strong>hereditarie</strong></span> <span class='ocrx_word' id='word_1_286' title='bbox 1931 4499 2275 4558; x_wconf 90' lang='lat' dir='ltr'><strong>eorundem</strong></span> <span class='ocrx_word' id='word_1_287' title='bbox 2322 4497 2589 4556; x_wconf 87' lang='lat' dir='ltr'><strong>filiorum</strong></span> <span class='ocrx_word' id='word_1_288' title='bbox 2642 4496 2913 4572; x_wconf 91' lang='lat' dir='ltr'><strong>Endrey,</strong></span> <span class='ocrx_word' id='word_1_289' title='bbox 2964 4496 3044 4555; x_wconf 90' lang='lat' dir='ltr'><strong>ab</strong></span> 
     </span>
     <span class='ocr_line' id='line_1_36' title="bbox 481 4602 3041 4682; baseline 0 -20"><span class='ocrx_word' id='word_1_290' title='bbox 481 4602 804 4663; x_wconf 87' lang='lat' dir='ltr'><strong>occidente</strong></span> <span class='ocrx_word' id='word_1_291' title='bbox 849 4622 1004 4663; x_wconf 89' lang='lat' dir='ltr'><strong>uero</strong></span> <span class='ocrx_word' id='word_1_292' title='bbox 1071 4610 1236 4663; x_wconf 90' lang='lat' dir='ltr'><strong>terre</strong></span> <span class='ocrx_word' id='word_1_293' title='bbox 1282 4603 1671 4682; x_wconf 88' lang='lat' dir='ltr'><strong>populorum,</strong></span> <span class='ocrx_word' id='word_1_294' title='bbox 1742 4604 1846 4681; x_wconf 89' lang='lat' dir='ltr'><strong>qui</strong></span> <span class='ocrx_word' id='word_1_295' title='bbox 1895 4603 2183 4664; x_wconf 89' lang='lat' dir='ltr'><strong>dicuntur</strong></span> <span class='ocrx_word' id='word_1_296' title='bbox 2230 4603 2453 4680; x_wconf 89' lang='lat' dir='ltr'><strong>Chehy</strong></span> <span class='ocrx_word' id='word_1_297' title='bbox 2502 4611 2930 4678; x_wconf 88' lang='lat' dir='ltr'><strong>commetatur,</strong></span> <span class='ocrx_word' id='word_1_298' title='bbox 3004 4622 3041 4662; x_wconf 86' lang='lat' dir='ltr'><strong>a</strong></span> 
     </span>
     <span class='ocr_line' id='line_1_37' title="bbox 479 4709 3043 4792; baseline 0 -22"><span class='ocrx_word' id='word_1_299' title='bbox 479 4709 965 4787; x_wconf 89' lang='lat' dir='ltr'><strong>septemtrionali</strong></span> <span class='ocrx_word' id='word_1_300' title='bbox 1011 4729 1164 4770; x_wconf 90' lang='lat' dir='ltr'><strong>uero</strong></span> <span class='ocrx_word' id='word_1_301' title='bbox 1211 4719 1388 4788; x_wconf 90' lang='lat' dir='ltr'><strong>parte</strong></span> <span class='ocrx_word' id='word_1_302' title='bbox 1457 4711 1684 4770; x_wconf 86' lang='lat' dir='ltr'><strong>fluuius</strong></span> <span class='ocrx_word' id='word_1_303' title='bbox 1732 4713 1983 4772; x_wconf 90' lang='lat' dir='ltr'><strong>nomine</strong></span> <span class='ocrx_word' id='word_1_304' title='bbox 2032 4711 2207 4772; x_wconf 89' lang='lat' dir='ltr'><strong>Odra</strong></span> <span class='ocrx_word' id='word_1_305' title='bbox 2267 4711 2591 4792; x_wconf 87' lang='lat' dir='ltr'><strong>distinguit</strong></span> <span class='ocrx_word' id='word_1_306' title='bbox 2637 4718 2867 4770; x_wconf 85' lang='lat' dir='ltr'><strong>terram</strong></span> <span class='ocrx_word' id='word_1_307' title='bbox 2916 4731 3043 4770; x_wconf 90' lang='lat' dir='ltr'><strong>me-</strong></span> 
     </span>
     <span class='ocr_line' id='line_1_38' title="bbox 483 4818 3043 4898; baseline 0 -23"><span class='ocrx_word' id='word_1_308' title='bbox 483 4825 804 4896; x_wconf 84' lang='lat' dir='ltr'><strong>moratam.</strong></span> <span class='ocrx_word' id='word_1_309' title='bbox 875 4818 961 4876; x_wconf 86' lang='lat' dir='ltr'><strong>Vt</strong></span> <span class='ocrx_word' id='word_1_310' title='bbox 1005 4818 1194 4898; x_wconf 85' lang='lat' dir='ltr'><strong>igitur</strong></span> <span class='ocrx_word' id='word_1_311' title='bbox 1239 4819 1422 4877; x_wconf 88' lang='lat' dir='ltr'><strong>huius</strong></span> <span class='ocrx_word' id='word_1_312' title='bbox 1471 4819 1559 4878; x_wconf 91' lang='lat' dir='ltr'><strong>rei</strong></span> <span class='ocrx_word' id='word_1_313' title='bbox 1600 4819 1794 4878; x_wconf 88' lang='lat' dir='ltr'><strong>series</strong></span> <span class='ocrx_word' id='word_1_314' title='bbox 1865 4818 2301 4898; x_wconf 83' lang='lat' dir='ltr'><strong>inrefragibilis</strong></span> <span class='ocrx_word' id='word_1_315' title='bbox 2350 4837 2646 4896; x_wconf 85' lang='lat' dir='ltr'><strong>processu</strong></span> <span class='ocrx_word' id='word_1_316' title='bbox 2694 4825 3043 4894; x_wconf 87' lang='lat' dir='ltr'><strong>temporum</strong></span> 
     </span>
     <span class='ocr_line' id='line_1_39' title="bbox 483 4925 3041 5010; baseline 0 -24"><span class='ocrx_word' id='word_1_317' title='bbox 483 4935 848 5006; x_wconf 85' lang='lat' dir='ltr'><strong>permaneat</strong></span> <span class='ocrx_word' id='word_1_318' title='bbox 879 4933 941 4988; x_wconf 89' lang='lat' dir='ltr'><strong>et</strong></span> <span class='ocrx_word' id='word_1_319' title='bbox 971 4925 1359 5002; x_wconf 87' lang='lat' dir='ltr'><strong>inconcussa,</strong></span> <span class='ocrx_word' id='word_1_320' title='bbox 1405 4926 1642 4990; x_wconf 84' lang='lat' dir='ltr'><strong>litteras</strong></span> <span class='ocrx_word' id='word_1_321' title='bbox 1675 4935 1920 4989; x_wconf 88' lang='lat' dir='ltr'><strong>nostras</strong></span> <span class='ocrx_word' id='word_1_322' title='bbox 1952 4925 2148 4988; x_wconf 88' lang='lat' dir='ltr'><strong>nostri</strong></span> <span class='ocrx_word' id='word_1_323' title='bbox 2180 4926 2363 5010; x_wconf 79' lang='lat' dir='ltr'><strong>sigilli</strong></span> <span class='ocrx_word' id='word_1_324' title='bbox 2405 4925 2743 4988; x_wconf 87' lang='lat' dir='ltr'><strong>munimine</strong></span> <span class='ocrx_word' id='word_1_325' title='bbox 2776 4925 3041 4986; x_wconf 87' lang='lat' dir='ltr'><strong>hiisdem</strong></span> 
     </span>
    </p>
   </div>
  </div>
 </body>
</html>
