3917 5592
765 454 909 515 222·

1940 660 2155 742 280.

900 940 907 945 .
974 862 1159 924 Anno
1216 860 1399 934 1428.
1448 861 1506 923 5.
1554 861 1699 921 iulii.
1746 846 2120 942 Zagrabiae.

764 1056 1215 1121 Lowrandus
1252 1053 1463 1139 filius
1534 1052 1855 1139 Gyurgek
1899 1054 1983 1117 de
2029 1054 2281 1131 Losan‚
2329 1074 2552 1118 comes
2603 1053 2851 1138 Campi
2909 1052 3326 1139 Zagrabien-

760 1164 867 1228 sis
910 1184 993 1227 ac
1050 1162 1369 1249 Vrbanus
1402 1160 1613 1247 filius
1670 1161 1994 1246 Matkyae
2039 1162 2121 1226 de
2167 1160 2328 1245 Sup.
2380 1162 2837 1245 Lompnycza,
2884 1180 3105 1225 comes
3167 1164 3328 1225 terr.

760 1272 1071 1352 eiusdem
1123 1270 1388 1355 Campi,
1420 1270 1665 1334 literas
1698 1270 2031 1355 magistri
2077 1268 2419 1335 Iohannis
2457 1268 2744 1355 Hyggvd
2771 1268 3052 1332 comitis
3083 1268 3329 1332 itidem

874 1464 883 1473 .
926 1378 1235 1454 eiusdem
1288 1378 1537 1462 Campi
1580 1398 1625 1441 a
1673 1378 1857 1458 1594.
1908 1390 2002 1457 23.
2049 1396 2200 1441 nov.
2248 1378 2612 1443 emanatas
2673 1377 3146 1471 transumunt.

970 1579 1105 1639 Nos
1152 1577 1542 1638 Lowrandus
1588 1577 1749 1637 filius
1798 1576 2104 1656 Gyurgek
2152 1576 2232 1636 de
2278 1578 2490 1635 Losan
2537 1594 2748 1636 comes
2809 1574 3036 1653 Campi
3085 1576 3321 1655 Zagra-

756 1680 991 1746 biensis
1059 1706 1134 1746 ac
1193 1686 1501 1774 Vrbanus'
1556 1684 1719 1743 filius
1767 1683 2029 1760 Mathye
2099 1683 2178 1742 de
2241 1681 2559 1759 Superiori
2631 1683 3033 1759 Lompnycza
3103 1700 3320 1741 comes

755 1780 1066 1854 terrestris
1117 1792 1400 1853 eiusdem
1444 1790 1671 1869 Campi
1739 1789 2038 1850 memorie
2087 1790 2601 1849 commendamus
2663 1797 2881 1849 tenore
2928 1788 3323 1867 presencium

758 1901 1185 1981 significantes
1232 1899 1455 1979 quibus
1518 1897 1768 1977 expedit
1833 1896 2161 1972 uniuersis,
2224 1897 2394 1975 quod
2441 1897 2667 1956 Petrus
2729 1895 2890 1955 filius
2955 1895 3214 1975 Georgii
3263 1904 3327 1955 et

757 2008 1005 2091 Blasius
1038 2007 1201 2067 fflius
1230 2004 1493 2083 Mathye
1524 2006 1631 2066 filii
1676 2005 1896 2079 Marci,
1943 2004 2184 2064 nobiles
2219 1988 2572 2064 castrenses
2619 2002 2698 2064 de
2747 2004 2979 2078 Mlaka,
3025 2003 3182 2063 feria
3229 1994 3326 2062 se-

763 2116 970 2176 cunda
1000 2115 1284 2193 proxima
1315 2123 1461 2175 ante
1506 2114 1735 2174 festum
1764 2112 2106 2173 nativitatis
2134 2111 2302 2172 beati
2349 2110 2642 2171 Iohannis
2691 2110 2978 2189 baptiste,
3025 2110 3088 2170 in
3119 2104 3327 2191 figura

763 2201 960 2282 nostri
1002 2210 1237 2309 iudicii-
1278 2241 1490 2281 coram
1537 2221 1717 2297 nobis
1764 2220 2175 2300 personaliter
2238 2219 2678 2296 compare-ndo,
2744 2236 2862 2277 nos
2911 2216 3123 2277 debita
3184 2236 3328 2277 cum

764 2328 1070 2389 instancia
1118 2348 1305 2408 super
1344 2348 1421 2389 eo
1466 2329 1875 2408 postularunt,
1923 2337 1992 2387 ut
2038 2336 2321 2387 tenorem
2383 2326 2778 2405 quarundam
2837 2324 3155 2384 literarum
3217 2344 3328 2403 pa·

764 2436 1039 2496 tencium
1086 2437 1354 2495 condam
1417 2435 1704 2515 magistri
1766 2434 2058 2495 Iohannis
2105 2434 2252 2494 dicti
2297 2434 2593 2514 Hygged,
2641 2434 2811 2510 olym
2873 2431 3193 2493 castellani
3241 2432 3320 2491 de

765 2528 1019 2621 Medwe,
1067 2551 1129 2603 et
1176 2543 1415 2603 comitis
1463 2543 1726 2621 predicti
1771 2541 1999 2620 Campi
2069 2541 2515 2621 Zagrabiensis
2564 2560 2638 2601 ac
2685 2540 2959 2601 Ladislai
3006 2522 3112 2598 fil'ii
3158 2538 3326 2614 olym

763 2650 1005 2710 comitis
1073 2650 1382 2720 terrestris
1443 2650 1665 2729 prefati
1712 2642 1939 2727 Campi
2007 2648 2471 2728 ZagrabiensiS,
2533 2646 2641 2707 filii
2706 2646 3036 2722 Valentini,
3102 2645 3320 2725 sigillis

765 2754 1105 2817 eorundem
1153 2757 1450 2817 comitum
1496 2777 1536 2817 a
1580 2767 1762 2837 tergo
1822 2756 2335 2837 consignatarum
2381 2763 2636 2833 propter
2681 2755 2998 2834 quandam
3061 2754 3318 2814 dilania-

767 2865 1013 2925 cionem
1062 2873 1125 2923 et
1166 2844 1648 2924 ‘distraccionem
1698 2864 1809 2939 sui,
1857 2863 1922 2923 in
1968 2882 2158 2942 quarn
2205 2864 2479 2941 quodam
2527 2863 2713 2922 modo
2775 2862 3108 2921 devenisse
3157 2860 3325 2920 vide-

768 2954 1011 3051 [an]tur,
1085 2992 1165 3033 ne
1236 2981 1445 3032 tamen
1509 2972 1761 3032 omnino
1824 2972 1885 3031 in
1955 2970 2452 3031 destruccionem
2517 2979 2579 3030 et
2625 2968 3138 3029 anichilacionem
3209 2987 3321 3026 seu

763 3078 1310 3159 consumpcionem
1376 3079 1748 3139 devenirent
1796 3078 2167 3151 vlteriorem,
2234 3078 2296 3137 in
2361 3077 2770 3154 transscripto
2832 3076 3152 3135 literarum
3215 3093 3323 3133 no-

763 3196 1032 3246 strarum
1068 3186 1321 3263 eisdem,
1341 3187 1491 3245 dare
1521 3194 1584 3246 et
1630 3186 1848 3265 sigillis
1882 3185 2112 3249 nostris
2144 3184 2359 3244 sollitis
2395 3184 2769 3263 consignare
2803 3184 3208 3263 dignaremur
3240 3182 3320 3241 ad

762 3295 1088 3353 cautelam.
1120 3292 1317 3354 Cuius
1346 3294 1598 3372 quidem
1623 3294 1797 3353 litere
1827 3301 2007 3353 tenor
2037 3293 2178 3351 talis
2209 3302 2337 3352 est:
2389 3293 2616 3367 (Vide
2664 3293 2761 3351 do
2783 3312 2833 3351 c.
2883 3310 2936 3350 a.
2996 3288 3178 3349 1394.
3215 3288 3316 3349 23.

760 3420 924 3462 nov.
961 3402 1118 3461 sub.
1154 3402 1269 3460 No,
1310 3398 1490 3475 137.).
1520 3402 1651 3459 Nos
1678 3401 1887 3479 itaque
1912 3398 2322 3477 peticionibus
2339 3398 2720 3477 prefatorum
2743 3399 2912 3458 Petri
2935 3398 3042 3457 filii
3063 3396 3321 3475 Georgii

760 3516 825 3568 et
868 3508 1061 3568 Blasii
1106 3508 1212 3567 filii
1257 3509 1519 3585 Mathye
1550 3518 1879 3586 tamquam
1932 3506 2109 3567 iustis
2157 3506 2396 3586 iurique
2448 3506 2740 3586 congruis
2775 3514 3138 3575 annuentes,
3187 3524 3322 3581 pre-

761 3614 985 3674 libatas
1035 3614 1251 3673 literas
1300 3613 1493 3691 ipsius
1557 3613 1843 3693 magistri
1889 3613 2183 3673 Iohannis
2245 3614 2522 3693 Higged‚
2587 3613 2728 3672 licet
2790 3613 3065 3691 quodam
3129 3611 3317 3670 modo

766 3721 1114 3795 distractas,
1148 3740 1333 3781 veras
1364 3731 1575 3781 tamen
1624 3731 1688 3781 et
1735 3722 1896 3781 iusto
1929 3722 2117 3781 modo
2154 3729 2498 3795 emanataS‚
2545 3740 2670 3780 non
2705 3720 2964 3780 abrasas
3012 3739 3130 3779 nec
3177 3738 3322 3779 can-

770 3830 1027 3888 cellatas
1076 3848 1191 3887 nec
1242 3829 1299 3887 in
1349 3824 1559 3907 aliqua
1606 3828 1703 3887 sui
1749 3840 1926 3907 parte
1975 3827 2252 3901 viciataS‚
2302 3828 2365 3887 in
2411 3828 2816 3905 transscripto
2846 3827 3164 3886 literarum
3212 3846 3319 3886 no-

709 2841 739 2872 ’ἱ

763 3946 1032 3995 stratum
1064 3936 1457 4015 presencium
1506 3937 1622 3995 sub
1672 3935 2185 4013 impressionibus
2219 3936 2562 4015 sigillorum
2594 3943 2948 3994 nostrorum
2980 3935 3318 4008 solitorum,

763 4043 1128 4103 memoratis
1194 4044 1381 4103 Petro
1430 4052 1491 4102 et
1538 4044 1748 4103 Blasio
1816 4044 1894 4103 de
1943 4042 2224 4119 predicta
2270 4043 2485 4101 Mlaka
2548 4042 2900 4101 uberiorem
2967 4042 3048 4101 ad
3111 4052 3319 4101 caute-

762 4152 887 4211 lam
936 4150 1225 4210 duximus
1294 4151 1747 4211 concedendas,
1813 4151 2043 4210 Datum
2091 4149 2420 4229 Zagrabie,
2481 4150 2637 4208 feria
2697 4150 2974 4209 secunda
3039 4149 3321 4225 proxima

768 4268 913 4318 ante
960 4258 1190 4326 festum
1238 4257 1668 4317 translacionis
1703 4259 1901 4319 sancti
1946 4257 2287 4331 Benedicti,
2337 4276 2500 4316 anno
2533 4256 2764 4316 domini
2811 4256 3136 4317 millesimo
3168 4232 3318 4336 qua-

762 4365 1255 4446 dringentesimo
1300 4360 1611 4445 vigesimo
1658 4376 1899 4427 octav0.
2121 4362 2126 4367 ’
2320 4360 2328 4365 ’

973 4502 1257 4572 originale
1306 4506 1681 4575 chartaceum,
1735 4522 1771 4561 a
1816 4511 1971 4575 tergo
2032 4508 2144 4561 duo
2193 4524 2479 4577 appi-essa,
2519 4507 2724 4575 partim
2777 4507 2954 4559 fracta
3001 4504 3198 4574 sigilla.
3255 4506 3315 4558 In

759 4594 911 4648 arch.
952 4588 1140 4648 acc'ad.
1182 4592 1375 4649 scient.
1414 4594 1629 4649 Slavor.
1669 4596 1864 4651 mei-id.
1903 4597 2225 4665 Zagrabiae.
2319 4616 2324 4623 ·
