3917 5592
3013 479 3137 561 185

1756 694 1964 776 191.

787 888 972 949 Anno
1030 886 1212 950 1423.
1270 885 1365 949 13.
1414 888 1693 949 ianuarii.
1739 889 2114 969 Zagrabiae.

579 1065 830 1131 Coram
885 1064 1108 1151 Georg
1116 1066 1185 1129 io
1231 1068 1295 1129 et
1341 1064 1826 1129 Bartholomeo
1874 1064 2272 1129 castellanis
2318 1064 2400 1129 de
2450 1066 2685 1152 Crupa
2732 1088 2880 1131 com
2888 1068 2913 1131 i
2915 1066 3131 1132 tibus-

573 1194 701 1257 que
746 1171 1351 1258 ZagrabiensibuS,
1401 1171 1739 1237 Nicolaus
1794 1170 2006 1255 filius
2061 1170 2353 1256 Georgii
2397 1173 2478 1237 de
2525 1174 2778 1251 Mlaka,
2829 1174 3128 1238 Leonar-

572 1280 739 1344 dum
805 1279 1049 1373 filium
1133 1278 1467 1365 Gywrgek
1505 1279 1617 1343 -de
1686 1278 1920 1344 Losan
2005 1278 2090 1343 ab
2150 1282 2592 1363 occupatione
2661 1264 3129 1365 possessionis

1398 1386 1634 1453 Mlaka
1676 1390 1955 1452 vocatae
1993 1385 2327 1471 prohibet.

781 1570 919 1629 Nos
977 1568 1292 1649 Georgius
1356 1578 1419 1629 et
1480 1569 1957 1629 Bartholomeus
2007 1569 2326 1629 castellani
2374 1570 2452 1630 de
2500 1569 2716 1649 Crupa
2763 1580 2824 1631 et
2872 1571 3132 1631 comites

570 1676 1035 1757 Zagrabienses
1096 1696 1171 1737 ac
1234 1676 1471 1737 iudices
1533 1676 1831 1737 nobilium
1896 1676 2177 1738 eiusdem
2242 1677 2572 1737 comitatus
2618 1678 2916 1738 memorie
2965 1698 3134 1739 com-

572 1784 958 1860 mendamuS,
1022 1786 1193 1864 quod
1252 1785 1549 1844 Nicolaus
1610 1785 1774 1844 filius
1838 1784 2098 1864 Georgii
2161 1786 2240 1845 de
2309 1786 2526 1846 Mlaka
2574 1786 2655 1846 ad
2702 1795 2980 1847 nostram
3029 1807 3134 1846 ve-

572 1892 799 1953 niendo
868 1893 1276 1971 presenciam,
1348 1892 1527 1952 nobis
1596 1911 1710 1971 per
1772 1894 2028 1953 modum
2093 1893 2569 1972 protestacionis
2637 1903 2698 1954 et
2743 1894 3134 1954 inhibicionis

572 2000 927 2079 significare
975 1996 1297 2062 curarunt¹
1366 2000 1429 2061 in
1491 2001 1655 2059 hunc
1724 2000 1998 2077 modurn,
2063 2002 2230 2079 quod
2288 2010 2471 2079 prout
2533 2002 2666 2080 ipse
2729 2002 3130 2080 percepisset,

575 2108 747 2187 quod
792 2110 1161 2169 Leonardus
1222 2108 1385 2167 filius
1434 2107 1759 2187 Gywrgek
1821 2107 1900 2167 de
1948 2109 2157 2168 Losan
2209 2128 2353 2167 cum
2407 2108 2698 2168 fratribus
2747 2108 2876 2167 suis
2925 2110 3134 2169 eondi-

576 2216 982 2275 visionalibus
1030 2217 1108 2276 de
1158 2216 1399 2287 eadem,
1446 2223 1728 2293 tempore
1772 2215 2293 2275 reambulacionis
2325 2222 2632 2275 metarum
2667 2216 3137 2294 possessionum

577 2342 793 2383 eorum
839 2342 952 2402 per
997 2324 1163 2383 hunc
1210 2323 1464 2383 modum
1496 2318 2116 2398 reambulacionem‚²
2147 2341 2446 2404 magnam
2478 2322 2846 2401 particulam
2881 2343 3129 2402 posses-

576 2430 766 2490 sionis
815 2449 926 2490 sue
974 2431 1189 2491 Mlaka
1235 2430 1530 2509 predicte,
1564 2431 1626 2490 in
1673 2430 1951 2508 ipsorum
1991 2430 2086 2489 ius
2119 2438 2361 2491 verte-re
2396 2439 2457 2490 et
2489 2430 2802 2509 applicare
2837 2432 3138 2491 voluisset

574 2538 637 2597 in
706 2537 1115 2616 preiudicium
1178 2538 1327 2597 iuris
1396 2538 1591 2616 ipsius
1660 2538 1843 2597 valde
1914 2556 2235 2617 magnum,
2305 2538 2470 2597 unde
2542 2538 2708 2598 facta
2777 2538 3132 2599 huiusmodi

573 2644 1033 2723 protestacione
1098 2644 1261 2705 idem
1326 2645 1623 2705 Nicolaus
1688 2644 1945 2705 eosdem
2013 2620 2410 2705 Leonardum
2467 2654 2527 2705 et
2573 2646 2797 2706 fratres
2859 2666 3008 2706 suos
3056 2665 3132 2706 ac

576 2752 729 2812 alios
779 2751 1087 2830 quoslibet
1134 2746 1325 2812 duos³
1372 2752 1449 2811 ab
1496 2750 1809 2811 huismodi
1868 2751 2368 2830 possessionaria
2433 2755 2872 2833 occupacione,
2921 2748 3132 2814 'deten-

575 2860 752 2919 cione
824 2868 885 2919 et
954 2860 1071 2920 sibi
1141 2859 1291 2939 ipsis
1360 2858 1845 2939 perpetuacione
1915 2859 2096 2919 factis
2167 2860 2266 2919 vel
2335 2860 2637 2921 faciendis
2701 2862 3012 2940 prohibuit
3077 2871 3140 2923 et

574 2967 944 3028 contradixit
1008 2966 1361 3043 inhibend0‚
1410 2966 1763 3027 testimonio
1829 2966 2226 3046 presencium
2287 2968 2619 3028 mediante.
2713 2970 2945 3029 Datum
3021 2971 3139 3030 Za·

574 3075 810 3155 grabie,
858 3076 921 3136 in
967 3076 1206 3136 octavis
1253 3076 1397 3135 festi
1442 3075 1933 3155 Epiphaniamm
1982 3074 2234 3149 domini,
2269 3094 2434 3135 anno
2482 3054 2762 3137 eiusdem
2811 3070 3138 3139 millesimo

575 3177 855 3244 CCCC0.
902 3184 1212 3263 vigesimo
1259 3183 1471 3244 tercio·

789 3322 967 3393 Copia
1005 3322 1247 3391 simplex
1285 3323 1495 3376 saeculi
1536 3321 1672 3379 XVI.
1714 3324 1771 3377 in
1813 3324 2024 3379 charta.
2078 3325 2140 3378 In
2178 3324 2414 3379 archivo
2452 3324 2606 3392 regni
2647 3325 2982 3392 Hungariae,
3023 3325 3131 3379 Bu·

576 3410 854 3481 dapestini
892 3412 962 3465 M.
1001 3411 1048 3468 Ο
1104 3412 1165 3465 D.
1208 3412 1263 3465 L.
1301 3410 1511 3481 33766,
1552 3412 1687 3467 olim
1728 3410 1790 3467 N.
1831 3413 1894 3467 R.
1934 3414 1997 3467 A.
2039 3414 2170 3467 fasc.
2215 3414 2368 3467 15¹3.
2409 3412 2509 3468 No.
2551 3414 2636 3467 21.

800 3572 815 3601 ¹
856 3572 953 3626 sic.
1032 3570 1057 3601 ⁹
1090 3571 1189 3627 sic.
1228 3572 1763 3643 (reambulatarum).
1841 3572 1864 3603 ⁸
1900 3573 2000 3627 sic.

1761 3767 1965 3838 192.

788 3952 973 4012 Anno
1030 3946 1215 4011 1423.
1273 3944 1367 4011 16.
1416 3950 1581 4010 iunii.
1628 3949 2004 4030 Zagrabiae.

786 4130 1020 4192 Coram
1086 4130 1363 4210 Georgio
1434 4138 1497 4190 et
1563 4129 2007 4189 Bartholomeo
2069 4129 2394 4190 comitibus
2456 4128 2990 4211 Zagrabiensibus
3063 4150 3137 4191 ac

574 4238 877 4299 iudicibus
945 4238 1245 4298 nobilium
1313 4237 1594 4298 eiusdem
1664 4237 2012 4311 comitatuS,
2090 4238 2501 4298 communitas
2566 4238 2834 4299 civitatis
2897 4239 3133 4298 Montis

574 4322 907 4406 Crecensis
956 4347 1033 4406 de
1080 4346 1251 4406 iuxta
1297 4345 1697 4425 Zagrabiam,
1744 4345 1904 4405 inter
1951 4351 2202 4405 caetera
2247 4346 2720 4426 Sigismundum
2765 4346 3134 4427 Hungariae

575 4463 688 4513 ete.
736 4472 954 4533 regem
1004 4472 1042 4512 a
1089 4453 1425 4513 donatione
1471 4452 1943 4531 possessionum
1991 4452 2194 4512 dictae
2226 4453 2718 4513 communitatis:
2752 4454 3126 4527 Petrowina,

572 4562 903 4639 Hras‘chya
932 4569 995 4621 et
1039 4561 1445 4638 Silyakouina
1492 4568 1875 4635 vocatarum,
1937 4561 2178 4621 nobiles
2243 4569 2453 4621 autem
2523 4560 2690 4621 viros
2759 4560 3128 4621 Ladislaum

574 4668 767 4728 filium
834 4668 1077 4728 Nicolai
1123 4668 1331 4728 Thoth
1387 4676 1449 4728 et
1499 4668 1852 4746 Johannem
1914 4668 2106 4728 filium
2174 4668 2493 4728 Laurentii
2541 4668 2749 4728 Thoth
2811 4669 2889 4728 de
2951 4670 3136 4728 Zum-

570 4776 825 4836 zedwar
874 4777 952 4835 ab
1001 4776 1427 4855 occupatione,
1476 4776 1851 4850 detentione,
1902 4795 2127 4835 usuum
2173 4776 2574 4853 perceptione
2638 4786 2751 4835 etc.
2814 4776 2892 4835 de
2956 4793 3133 4853 prae·
3247 4806 3258 4815 ·

571 4884 769 4958 dietis,
816 4903 930 4962 per
975 4902 1195 4965 regem
1242 4902 1279 4943 a
1312 4884 1551 4943 civibus
1583 4883 1818 4944 Montis
1849 4883 2184 4944 Grecensis
2230 4883 2512 4943 alienatis
2547 4891 2607 4942 et
2644 4883 2794 4961 ipsis
2826 4884 3136 4943 nobilibus

571 4991 817 5051 donatis
856 4991 1375 5069 possessionibuS,
1422 4992 1728 5069 prohibet.
