3917 5592
808 443 938 518 342

802 673 954 732 dixit
1001 681 1063 733 et
1108 673 1433 733 confessus
1467 671 1665 732 extitit
1708 669 1856 732 viva
1886 687 2044 732 voce
2091 691 2208 733 sua
2253 666 2315 732 in
2363 666 2527 733 hunc
2559 665 2838 750 modum,
2887 683 2955 734 ut
3001 666 3136 754 ipse
3165 686 3360 756 quan-

796 783 944 842 dam
992 781 1337 841 sessionem
1384 799 1565 840 suam
1612 780 2073 861 iobagionalem
2123 781 2185 840 in
2231 781 2512 859 predicta
2557 781 2965 858 Korilowecz,
3015 782 3176 843 inter
3221 801 3352 844 ses-

800 889 1008 949 siones
1055 888 1294 963 Briccii,
1344 890 1587 948 Thome
1634 896 1697 948 et
1742 888 1951 948 Iacobi
1983 888 2248 948 filiorum
2281 890 2550 950 condam
2581 889 2844 970 Georgii
2890 891 3056 968 olym
3089 891 3355 969 suppani

799 997 1060 1075 predicti
1108 995 1333 1075 Campi
1396 994 1842 1076 Zagrabiensis
1892 996 1971 1055 ab
2035 996 2335 1070 orientali,
2401 1005 2464 1055 et
2509 997 2671 1058 inter
2727 998 2896 1058 viam
2951 998 3268 1076 publicam
3315 1018 3354 1058 a
3394 1077 3402 1086 ·

799 1104 1203 1180 meridionali,
1251 1112 1314 1165 et
1358 1104 1519 1164 inter
1566 1103 1911 1164 sessionem
1956 1103 2148 1164 Blasii
2193 1103 2552 1184 Pogledycz
2597 1105 2679 1165 de
2727 1105 2950 1165 eadem
2983 1105 3353 1166 Korilouecz

796 1215 876 1274 ab
925 1213 1310 1288 occidentali,
1358 1221 1422 1272 et
1466 1212 1625 1272 inter
1688 1212 1855 1273 viam
1921 1211 2234 1290 publicam
2297 1211 2576 1272 similiter
2623 1213 2702 1273 ab
2750 1214 3023 1290 australi,
3085 1221 3356 1292 quatuor

794 1322 1215 1383 dimensiones
1246 1321 1415 1401 wlgo
1450 1321 1661 1397 methy
1709 1320 1770 1380 in
1818 1340 1887 1381 se
1936 1314 2310 1396 continens²,
2359 1320 2540 1380 simul
2582 1341 2724 1381 cum
2757 1321 3043 1381 omnibus
3077 1321 3358 1382 eiusdem

793 1437 1059 1510 quatuor
1106 1429 1287 1489 metis
1336 1427 1713 1502 utilitatibus,
1760 1427 1994 1502 usibuS,
2042 1427 2464 1506 proventibuS,
2512 1427 3044 1489 fructuositatibus
3093 1449 3168 1489 ac
3189 1448 3354 1508 .per-

792 1537 1075 1598 tinenciis
1122 1536 1447 1613 universis»,
1493 1529 1607 1615 p'ro
1639 1555 1867 1597 novem
1912 1537 2166 1597 florenis
2197 1537 2336 1614 puri
2383 1536 2518 1596 auri
2564 1545 2628 1597 et
2673 1536 2818 1598 iusti
2848 1537 2996 1598 boni
3043 1537 3356 1616 ponderiS,

791 1645 1083 1731 predictis
1132 1642 1361 1704 silicet³
1424 1644 1683 1718 Bricci0,
1745 1645 1986 1703 Thome
2051 1651 2112 1703 et
2174 1643 2400 1704 Iacobo
2453 1638 2756 1706 filiorum⁴
2802 1643 3026 1722 prefati
3086 1646 3354 1705 condam

790 1751 1049 1833 Georgii
1110 1753 1376 1831 suppani
1423 1751 1501 1812 de
1548 1751 1829 1830 predicta
1890 1750 2260 1811 Korilouecz
2309 1759 2371 1810 et
2416 1751 2667 1812 domine
2729 1751 3054 1812 Elizabeth
3115 1747 3352 1813 matre⁶

788 1857 1081 1940 ipsorum,
1130 1880 1205 1920 ac
1250 1879 1364 1938 per
1410 1861 1668 1920 eosdem
1714 1878 1968 1919 suorum
2033 1859 2366 1920 heredibus
2411 1861 2840 1939 heredumque
2905 1878 3164 1920 suorum
3211 1879 3348 1920 suc-

789 1968 1158 2043 cessoribuS,
1206 1969 1287 2028 ab
1335 1967 1573 2028 eisdem
1618 1967 1881 2027 scilicet·
1915 1966 2176 2041 Bricci0,
2244 1967 2490 2027 Thoma
2553 1976 2614 2027 et
2681 1967 2909 2026 [acobo
2957 1975 3020 2027 et
3067 1961 3350 2028 domine⁶

786 2077 1128 2152 Elizabeth,
1172 2095 1287 2156 per
1330 2076 1679 2154 predictum
1725 2055 1958 2136 scilicet
2001 2076 2346 2152 Mathyam,
2395 2076 2481 2136 uti
2529 2075 2696 2136 idem
2742 2075 2921 2135 nobis
2970 2075 3177 2136 retulit
3221 2075 3348 2142 iam

784 2186 967 2264 plene
1013 2185 1241 2245 habitis
1287 2184 1614 2263 perceptiS,
1663 2183 2064 2257 vendidisset,
2113 2201 2325 2260 ymmo
2374 2183 2668 2257 vendidit,
2731 2183 2982 2244 tradidit
3030 2192 3093 2243 et
3141 2183 3339 2262 assig-

784 2294 959 2353 navit
1004 2312 1216 2353 coram
1264 2293 1443 2353 nobis
1490 2293 1623 2354 iure
1693 2301 1996 2372 perpetuo
2058 2301 2122 2353 et
2182 2292 2670 2354 irrevocabiliter
2729 2293 3192 2371 possidendam,
3255 2301 3344 2352 te-

784 2402 1057 2461 nendam
1102 2401 1455 2480 pariterque
1504 2409 1567 2460 et
1630 2400 2004 2476 habendam,
2051 2409 2114 2461 et
2171 2400 2734 2480 quomodocunque
2794 2400 2965 2461 iuxta
3012 2408 3344 2462 consvetu-

783 2509 995 2568 dinem
1065 2507 1245 2588 regni
1304 2508 1571 2568 voluerit
1632 2508 2121 2588 disponendam3
2171 2509 2510 2587 assumpsit
2570 2509 3004 2569 nichilominus
3067 2508 3345 2587 prefatus

784 2615 1042 2692 Mathey
1088 2616 1399 2694 predictos
1466 2615 1700 2676 scilicet
1762 2616 2089 2688 Briccium,
2156 2617 2482 2690 Thomam,
2547 2616 2840 2676 Iacobum
2904 2624 2968 2676 et
3032 2615 3350 2682 dominam

781 2722 1121 2797 Elizabeth,
1153 2731 1417 2782 matrem
1448 2723 1727 2801 ipsorum
1756 2723 1821 2782 in
1853 2723 2126 2783 dominio
2159 2723 2320 2783 dicte
2355 2722 2652 2783 sessionis
2684 2723 3098 2804 iobagionalis
3130 2730 3348 2784 contra

782 2830 1091 2908 quoslibet
1136 2830 1489 2911 illegitimos
1534 2830 1937 2908 impeditores
1983 2831 2158 2905 tueri,
2206 2839 2538 2912 protegere
2587 2839 2649 2891 et
2696 2831 3032 2893 defendere
3079 2830 3344 2910 propriis

780 2938 909 2997 suis
958 2939 1236 3017 sumptis,
1283 2939 1599 2999 laboribus
1646 2947 1709 2998 et
1756 2939 2062 3017 expensis·
2111 2941 2177 2999 In
2226 2939 2403 2999 cuius
2451 2959 2562 3017 rey
2608 2940 2992 3050 memoriani.⁵
3023 2947 3210 3019 atque
3255 2947 3342 3000 te-

780 3047 1137 3106 stimonium
1184 3047 1663 3127 firmitatemque
1710 3054 2096 3126 perpetuam,
2161 3048 2554 3126 presentibus
2602 3049 2873 3127 sigillum
2935 3055 3217 3107 nostrum
3265 3048 3343 3107 de

778 3175 953 3216 more
1000 3157 1154 3216 alias
1203 3164 1501 3216 consveto
1547 3157 1808 3217 fecimus
1851 3155 2349 3235 appendendum.
2399 3158 2630 3216 Datum
2678 3155 3008 3236 Zagrabie,
3055 3156 3213 3216 feria
3245 3175 3342 3215 se-

779 3265 985 3323 cunda
1049 3263 1348 3342 proxima,
1412 3273 1480 3323 ut
1541 3264 1701 3324 sicut
1760 3264 1931 3343 prius
1994 3263 2228 3325 dictum
2291 3272 2402 3338 est,
2473 3283 2638 3325 anno
2716 3263 2948 3323 domini
3011 3262 3337 3322 millesimo

778 3365 1462 3451 quadringentessimo⁷
1507 3368 2100 3450 quinquagessimo⁸
2146 3371 2376 3450 quinto·

990 3491 1766 3578 originale-membraneum,
1816 3494 2102 3563 appendet
2139 3495 2324 3548 solum
2375 3492 2572 3548 viridis
2613 3508 2758 3547 zona
2807 3491 3040 3556 sericea,
3090 3491 3332 3559 sigillum

771 3583 964 3652 periit:
992 3583 1055 3636 ln
1093 3584 1244 3636 arch.
1284 3583 1474 3637 accad.
1516 3582 1711 3639 scient.
1752 3583 1973 3637 Slavor.
2011 3582 2205 3638 met-id.
2246 3581 2578 3650 Zagrabiae.

992 3710 1005 3738 ¹
1033 3709 1114 3762 sic
1140 3707 1529 3780 (preteritum).
1606 3711 1625 3738 ²
1651 3708 1732 3762 sic
1759 3709 2198 3772 (continentem).
2278 3710 2296 3738 ³
2321 3709 2402 3762 sic
2429 3708 2704 3777 (scilicet).
2779 3709 2797 3736 ⁴
2825 3708 2906 3762 sic
2934 3708 3123 3777 (filiis).
3203 3709 3219 3736 ³
3245 3708 3328 3762 sic

774 3797 989 3868 (matri)
1068 3799 1086 3826 ⁸
1113 3799 1193 3852 sic
1233 3797 1529 3869 (domina).
1596 3800 1615 3828 ⁷
1654 3800 1755 3854 sie.
1830 3799 1853 3828 ⁸
1890 3799 1988 3854 sic.

986 4233 1171 4294 Anno
1229 4231 1411 4294 1455.
1470 4229 1565 4294 19.
1614 4233 1777 4293 maii.
1827 4231 2200 4313 Zagrabiae.

777 4389 1028 4457 Coram
1060 4391 1366 4456 Iohanne
1385 4390 1547 4476 filio
1580 4391 1940 4456 Benedicti
1973 4389 2277 4474 Iagnych
2321 4388 2403 4454 de
2452 4387 2611 4474 Sup.
2661 4387 3046 4462 Lokawecz‚
3083 4387 3332 4452 comite

770 4500 1083 4564 terrestri
1135 4499 1383 4583 Campi
1444 4498 1961 4584 ZagrabiensiS,
2011 4497 2234 4562 Elena
2271 4495 2439 4582 filia
2501 4495 2732 4562 Marci
2779 4493 3162 4580 Kuschyff,
3231 4514 3329 4558 re-

768 4607 933 4671 licta
986 4606 1357 4672 Clementis
1387 4608 1662 4690 supani,
1705 4606 2217 4691 possessionem
2249 4625 2456 4669 suam
2503 4605 2583 4669 in
2631 4603 3059 4667 Korilowecz
3105 4601 3330 4666 decem

1343 4714 1635 4796 florenis
1682 4713 2052 4780 Benedicta
2102 4710 2446 4797 Krupych,
2491 4711 2747 4776 vendit.

980 4878 1113 4938 Nos
1160 4879 1469 4938 Iohannes
1518 4879 1679 4938 filius
1726 4879 1996 4938 condam
2059 4876 2380 4938 Benedicti
2427 4875 2650 4954 supani
2707 4874 2984 4954 Iagnych
3051 4873 3197 4934 dicti
3247 4874 3326 4933 de

780 4987 1097 5066 Superiori
1162 4987 1513 5047 Lokawecz
1578 5007 1789 5047 comes
1856 4987 2165 5047 terrestris
2232 4985 2457 5063 Campi
2521 4982 2965 5064 Zagrabiensis
3029 4981 3326 5041 memorie
