3917 5592
797 473 928 535 242

792 706 914 765 que
960 695 1344 765 perpetuam,
1390 686 1784 765 presentibus
1833 685 2039 765 sigilla
2079 692 2296 745 nostra
2340 684 2525 745 solita
2571 684 2860 745 duximus
2910 685 3342 763 appendenda.

790 794 1024 852 Datum
1069 793 1399 873 Zagrabie‚
1449 792 1603 851 feria
1649 793 1928 852 secunda
1975 792 2259 870 proxima
2322 799 2466 851 ante
2523 790 2752 850 festum
2818 792 2997 851 Beati
3042 791 3344 851 Demetrii

790 899 1076 974 martiriS,
1126 918 1290 959 anno
1337 899 1570 959 domini
1617 897 1944 959 millesimo
1993 898 2612 979 quadringentesimo
2659 898 2973 958 tricesimo
3022 898 3252 978 quint0.

1008 1018 1292 1089 Originale
1345 1020 1788 1083 membraneum,
1841 1020 1987 1073 duae
2026 1035 2206 1073 zonae
2262 1018 2511 1073 sericeae
2550 1019 2887 1087 appendent,
2927 1019 3111 1087 prima
3150 1018 3349 1073 viridis

795 1112 1012 1179 absque
1050 1110 1250 1179 sigi110‚
1317 1114 1372 1164 et
1433 1110 1610 1164 altera
1671 1109 1811 1163 fusci
1875 1109 2081 1163 coloris
2144 1109 2327 1178 sigillo
2389 1108 2623 1162 minime
2672 1112 2980 1163 asservato.
3021 1108 3183 1177 Apud
3222 1110 3351 1163 nob.

789 1199 1158 1253 Katbarinam
1201 1198 1480 1254 Laekovic
1516 1199 1576 1253 in
1615 1198 1812 1253 Maiori
1855 1198 2039 1252 Mlaka
2078 1196 2179 1252 No,
2218 1197 2269 1251 8.

1867 1472 1874 1477 “
1964 1480 2176 1551 233.

997 1646 1183 1707 Anno
1239 1645 1423 1708 1435.
1473 1647 1530 1707 5.
1579 1646 1945 1707 decembris,

1000 1864 1028 1898 »
1084 1888 1096 1901 .
1146 1888 1159 1901 .
1208 1889 1221 1902 .
1270 1842 1520 1903 racione
1566 1842 1949 1921 potenciarie
2015 1840 2454 1920 occupacionis
2518 1848 2579 1899 et
2641 1840 3025 1899 detencionis
3095 1838 3340 1898 univer-

780 1968 990 2009 sorum
1037 1949 1508 2027 possessionum
1575 1958 1638 2009 et
1698 1950 2064 2027 porcionum
2132 1946 2771 2027 possessionariarum
2831 1945 3337 2025 quartaliciarum

777 2056 1038 2136 predicti
1084 2057 1294 2137 Egidii
1343 2058 1670 2131 carnificiS,
1720 2057 1782 2116 in
1830 2057 2115 2135 predicta
2161 2057 2379 2116 Mlaka
2425 2063 2488 2115 et
2535 2054 2668 2115 eius
2716 2054 3114 2133 pertinenciis
3160 2053 3336 2113 habi-

777 2172 996 2238 tarum,
1041 2164 1161 2242 ipsi
1209 2164 1444 2225 scilicet
1489 2164 1716 2245 Egidio
1768 2165 2047 2225 carnifici
2095 2184 2207 2243 per
2251 2162 2599 2242 predictam
2631 2162 2949 2222 dominam
2995 2161 3333 2241 Agatham,

778 2281 1132 2331 consortem
1199 2292 1380 2331 suam
1425 2271 1796 2352 legittimam
1854 2272 2216 2332 litteratorie
2276 2271 2649 2330 donatarum
2709 2277 2771 2328 et
2838 2276 3334 2348 pepetuatarum,

776 2386 960 2458 prout
1004 2380 1124 2439 hoc
1185 2379 1248 2439 in
1309 2381 1582 2458 quadam
1629 2380 1833 2440 littera
1893 2380 2265 2461 privilegiali
2312 2378 2609 2439 nobilium
2668 2377 2946 2437 virorum
3007 2376 3333 2436 Michaelis

777 2486 883 2546 filii
930 2487 1219 2547 Barnabe
1284 2488 1362 2547 de
1410 2487 1586 2547 Odra
1633 2496 1696 2547 et
1741 2488 2002 2547 Fabiani
2058 2488 2166 2548 filii
2226 2486 2558 2547 Michaelis
2622 2486 2700 2545 de
2745 2484 3064 2564 Superiori
3111 2485 3336 2562 Lomp-

779 2595 974 2667 nieza,
1023 2594 1176 2654 alias
1243 2595 1538 2655 comitum
1601 2595 1864 2674 predicti
1925 2594 2153 2674 Campi
2224 2602 2287 2655 et
2346 2594 2649 2672 Stephani
2712 2593 2818 2653 filii
2866 2593 3043 2653 Pedk
3089 2593 3167 2651 de
3215 2592 3333 2651 Lo-

779 2703 1053 2776 kawecz,
1108 2711 1254 2763 tunc
1306 2704 1546 2763 comitis
1603 2703 1914 2763 terrestris
1970 2703 2251 2763 eiusdem
2313 2702 2556 2781 Campi,
2620 2710 2901 2780 tempore
2969 2700 3332 2759 comitatum

781 2811 1122 2870 eorundem
1154 2809 1466 2884 comitum,
1511 2810 1588 2869 de
1638 2829 1801 2869 anno
1850 2810 2083 2870 domini
2114 2810 2439 2869 millesimo
2487 2808 3105 2888 quadringentesimo
3153 2806 3331 2867 trice-

779 2916 936 2975 simo
983 2916 1216 2995 quint0,
1274 2916 1432 2976 feria
1496 2918 1775 2977 secunda
1835 2916 2120 2995 proxima
2167 2925 2311 2977 ante
2357 2916 2587 2975 festum
2649 2916 2817 2976 beati
2880 2915 3122 2975 Nicolai
3175 2914 3334 2993 epis-

778 3024 917 3101 copi
964 3031 1027 3083 et
1073 3024 1463 3097 confessoriS,
1512 3025 1748 3084 dudum
1778 3025 2107 3102 preteritiS,
2138 3044 2251 3103 pro
2299 3032 2476 3103 parte
2522 3023 2718 3103 ipsius
2766 3022 2973 3103 Egidii
3022 3021 3329 3081 carnificis

779 3149 966 3208 super
1011 3130 1249 3191 eisdem
1295 3131 1800 3210 possessionibus
1848 3138 1910 3191 et
1965 3132 2363 3210 porcionibus
2412 3132 2541 3191 suis
2588 3129 3102 3210 possessionariis
3150 3148 3333 3208 quar-

777 3237 996 3296 taliciis
1045 3238 1328 3298 confecta
1375 3248 1437 3300 et
1484 3246 1790 3299 emanata.
1841 3285 1852 3299 .
1903 3286 1916 3299 .
1967 3264 2021 3299 ,α

989 3358 1196 3414 Mentio
1237 3360 1480 3414 verbalis
1517 3362 1718 3414 harum
1767 3362 2059 3415 literarum
2097 3365 2249 3416 extat
2299 3362 2357 3415 in
2398 3360 2572 3416 literis
2611 3360 2839 3415 loannis
2880 3360 3192 3428 Rayachar,
3234 3374 3329 3411 co-

776 3446 929 3501 mitis
978 3446 1171 3517 Campi
1223 3449 1614 3517 Zagrabiensis
1651 3468 1701 3505 a.
1741 3450 1896 3505 1445.
1949 3451 2035 3505 26.
2075 3449 2220 3505 iulii:
2253 3452 2311 3504 ln
2350 3452 2584 3506 archivo
2623 3451 2812 3505 acc-ad.
2864 3450 3058 3504 scient.
3112 3449 3328 3505 Slavor.

775 3536 970 3592 merid.
1007 3538 1307 3606 Zagrabae.

1948 3827 2160 3898 234.

986 4022 1169 4082 Anno
1227 4021 1410 4084 1436.
1459 4022 1518 4083 9.
1566 4025 1874 4084 februarii.

771 4212 1274 4297 Sigismundus
1321 4216 1739 4300 Hungariae
1784 4222 1902 4282 ete.
1953 4241 2089 4297 rex,
2137 4223 2647 4287 restitutionem
2698 4224 2915 4288 silvae
2980 4224 3319 4289 nobilium

774 4319 1220 4404 iobagionum
1266 4325 1730 4388 castrensium
1762 4325 1844 4389 de
1899 4326 2155 4411 Campo
2202 4329 2680 4413 Zagv‘abiensi‚
2723 4337 2852 4415 per
2896 4331 3322 4416 Stephanum

769 4427 1027 4492 bunum
1076 4430 1292 4493 totius
1337 4429 1752 4496 Sclauoniae
1796 4453 1858 4497 a.
1907 4450 2064 4513 1255.
2102 4435 2379 4519 factam
2426 4441 2628 4523 atque-
2691 4440 2923 4504 eodem
2970 4461 3156 4505 anno
3197 4446 3325 4524 per

927 4537 1168 4601 Belam
1216 4539 1634 4624 Hungariae
1679 4546 1798 4607 etc,
1845 4564 2077 4628 regem
2124 4545 2632 4629 confirmatam,
2682 4553 2913 4614 ratam
2958 4549 3171 4614 habet.

1633 4738 1864 4793 Relacio
1905 4739 2179 4808 Stephani
2220 4742 2287 4795 de
2328 4744 2478 4795 Aran
2517 4744 2741 4799 comitis
2780 4745 3248 4815 Newgradiensis.

979 4843 1420 4923 Sigismundus
1469 4849 1568 4908 dei
1600 4852 1815 4929 gracia
1865 4854 2289 4914 Romanorum
2338 4856 2673 4934 imperator
2705 4879 2955 4938 semper
2989 4860 3317 4939 Augustus

769 4968 842 5009 ac
901 4952 1241 5030 Hungarie,
1305 4956 1618 5031 Boheanie,
1690 4960 2026 5036 Dalmacie,
2090 4962 2372 5039 Croacie‚
2447 4968 2656 5042 Rame,
2722 4969 2958 5043 Seruie,
3022 4967 3299 5042 Gallicie,
