3917 5592
3039 416 3169 481 277

605 635 731 696 filiii
805 636 1063 714 predicti
1124 636 1291 697 Petri
1351 636 1688 717 Cherngel,
1725 636 1910 697 'onus
1974 644 2035 696 et
2097 655 2445 717 gravamen
2502 636 2848 695 'eorundem
2906 635 3169 695 filiorum

606 753 669 803 et
715 744 838 803 filie
886 762 1158 818 suorum,
1207 762 1281 803 ac
1312 744 1696 822 prefatorum
1743 744 2021 803 omniurn
2066 742 2329 803 fratrum
2371 751 2434 802 et
2465 761 2749 802 sororum
2780 741 3168 820 patruelium,

611 851 664 911 si
709 851 862 930 ipsi,
895 851 1184 911 videlicet
1229 851 1336 912 filii
1384 853 1484 911 vel
1530 851 1755 912 fratres
1802 852 1899 911 sui
1946 852 2261 930 patrueles
2309 869 2703 930 quocumque
2757 849 3057 928 temporis
3104 848 3167 908 in

603 978 902 1037 processu
924 958 985 1019 in
1013 958 1417 1037 infrascriptis
1459 959 1794 1037 persistere
1822 960 2071 1033 nollent,
2101 959 2164 1017 in
2191 978 2259 1018 se
2292 960 2495 1036 ipsum
2544 965 2765 1036 sponte
2812 977 2925 1036 per
2955 957 3167 1017 omnia

602 1066 1063 1139 assummendO,
1110 1065 1341 1125 ibidem
1375 1084 1588 1125 coram
1621 1066 1800 1127 nobis
1835 1074 2067 1132 astans.
2103 1065 2427 1126 confessus
2461 1074 2556 1125 est
2609 1066 2673 1125 in
2698 1066 2864 1125 hunc
2896 1066 3167 1138 modum,

601 1180 669 1231 ut
715 1172 849 1250 ipse
899 1191 1092 1232 unam
1141 1172 1543 1233 medietatem
1591 1172 1944 1233 medietatis
1993 1172 2270 1251 predicte
2318 1172 2736 1251 possessionis
2771 1180 2834 1232 et
2856 1166 3167 1251 porcionis

606 1278 1121 1357 possessionarie,
1186 1280 1374 1339 modo
1439 1280 1744 1358 premisso
1795 1280 2130 1354 declarate,
2194 1279 2506 1358 porcionis
2570 1280 2862 1341 videlicet
2922 1298 3035 1339 sue
3106 1288 3169 1339 et

603 1386 881 1463 ipsorum
927 1386 1190 1446 fratrum
1237 1405 1312 1447 ac
1360 1386 1666 1447 dictarum
1715 1406 2001 1446 sororum
2050 1406 2305 1447 suarum
2352 1388 2742 1465 patruelium,
2798 1388 3016 1466 ipsum‘
3049 1387 3165 1447 sci-

600 1493 744 1555 licet
790 1494 1104 1553 Thomam
1169 1514 1440 1554 unacum
1500 1494 1680 1554 dictis
1743 1494 2037 1554 fratribus
2108 1496 2171 1554 et
2218 1495 2535 1555 sororibus
2600 1495 2729 1554 suis
2784 1495 3167 1573 patruelibus

602 1620 638 1659 a
687 1600 928 1678 prefato
977 1600 1244 1661 condam
1292 1602 1464 1661 Iwan
1513 1621 1653 1661 awo
1702 1620 1918 1661 eorum
1967 1602 2099 1661 iure
2146 1602 2483 1662 nobilitatis
2529 1601 2906 1663 hereditario
2954 1600 3069 1662 rite
3104 1610 3167 1661 et

601 1709 877 1788 legitime
925 1718 1423 1784 concernentem,
1473 1710 1873 1771 medietatem
1905 1719 1975 1770 ut
2004 1710 2343 1788 predicitur
2375 1716 2564 1770 una'm
2598 1709 2761 1771 dicte
2808 1709 3163 1771 medietatis

601 1836 714 1876 seu
761 1816 1072 1894 porcionis
1120 1837 1232 1876 sue
1281 1826 1344 1877 et
1390 1817 1694 1877 dictorum
1755 1818 2017 1878 fratrum
2084 1837 2159 1877 ac
2219 1818 2495 1895 ipsarum
2564 1837 2848 1877 sororum
2903 1837 3160 1878 suarum

597 1924 984 2002 patruelium,
1034 1944 1176 1984 cum
1209 1924 1496 1984 omnibus
1544 1925 1672 1984 suis
1722 1924 2085 1984 utilitatibus
2133 1933 2195 1985 et
2226 1924 2623 2003 pertinenciis
2657 1924 2981 1999 universiS,
3018 1944 3155 2004 pre-

607 2031 786 2092 dictis
831 2032 1152 2111 Stephano
1179 2032 1304 2092 filio
1337 2032 1532 2111 ipsius
1561 2032 1797 2092 Vrbani
1831 2042 1893 2093 et
1924 2033 2267 2093 Benedicto
2313 2032 2439 2093 filio
2485 2032 2680 2111 ipsius
2713 2032 2882 2093 Petri
2930 2034 3161 2109 Zryns-

608 2141 786 2215 chak,
836 2160 910 2203 ac
956 2160 1070 2219 per
1115 2159 1225 2200 eos
1257 2141 1536 2219 ipsorum
1570 2140 1920 2214 heredibuS,
1968 2160 2081 2219 pro
2108 2160 2217 2201 sex
2250 2161 2391 2201 cum
2414 2141 2629 2201 medio
2653 2140 2907 2201 florenis
2941 2141 3163 2215 aureis,

605 2250 686 2308 ab
735 2248 972 2308 eisdem
1018 2250 1336 2327 Stephano
1385 2257 1448 2308 et
1493 2248 1852 2321 BenedictO,
1901 2268 2015 2327 per
2064 2248 2267 2327 ipsum
2316 2249 2643 2323 Thomam,
2677 2256 2861 2326 prout
2898 2248 3185 2326 ipsemet·

603 2356 782 2419 nobis
832 2356 1037 2417 retulit
1081 2355 1206 2417 iam
1253 2357 1434 2433 plene
1504 2355 1813 2434 perceptis
1878 2355 2277 2429 vendidisset,
2338 2375 2550 2431 ymmo
2613 2355 2893 2417 vendidit
2945 2374 3159 2415 coram

599 2463 779 2523 nobis
827 2463 960 2523 iure
1006 2472 1308 2540 perpetuo
1356 2471 1419 2521 et
1466 2462 1956 2523 irrevocabillter
2000 2463 2447 2541 possidendam
2494 2472 2557 2522 et
2588 2464 3153 2541 quomodocunque

597 2570 767 2629 iuxta
818 2569 1330 2629 consvetudinem
1378 2570 1558 2649 regni
1605 2570 1870 2630 voluerit
1915 2570 2403 2648 disponendam3
2454 2568 2639 2629 aliam
2677 2578 2889 2629 autem
2920 2570 3151 2629 medie-

594 2683 787 2735 tatem
852 2676 1127 2755 predicte
1190 2675 1542 2736 medietatis
1603 2696 1717 2735 seu
1778 2676 2093 2755 porcionis
2156 2694 2271 2735 sue
2318 2683 2380 2735 et
2441 2675 2719 2753 ipsorum
2780 2676 3039 2735 fratrum
3099 2684 3159 2735 et

594 2784 898 2843 dictarum
949 2803 1231 2844 sororum
1295 2804 1550 2844 suarum
1611 2783 2003 2863 patruelium,
2066 2783 2346 2843 similiter
2408 2803 2546 2843 curn
2598 2784 2726 2842 suis
2790 2783 3153 2843 utilitatibus

592 2900 654 2951 et
699 2890 1096 2969 pertinenciis
1145 2891 1470 2965 universiS,
1519 2891 1760 2969 prefato
1821 2890 2131 2951 Clementi
2180 2890 2304 2950 filio
2351 2890 2545 2968 ipsius
2593 2891 2786 2965 Pauli,
2852 2890 2959 2951 filii
3007 2891 3154 2950 dicti

589 2997 814 3073 Iacobi,
865 3018 940 3057 ac
986 3018 1098 3076 per
1145 3017 1289 3057 eum
1337 2997 1465 3057 suis
1512 2996 1863 3072 heredibus,
1912 3016 2025 3075 pro
2075 3016 2185 3056 sex
2245 3016 2387 3056 cum
2449 2996 2656 3057 medio
2719 2995 2997 3056 similiter
3042 2998 3152 3056 flo-

589 3105 754 3165 renis
804 3104 1028 3177 aureiS,
1079 3105 1156 3164 ab
1206 3105 1428 3164 eodem
1477 3103 1805 3164 Clemente
1855 3124 1969 3183 per
2016 3106 2284 3164 eundern
2349 3105 2677 3179 Thomam,
2739 3114 2923 3183 prout
2986 3104 3151 3165 idern

592 3213 771 3272 nobis
819 3212 1027 3272 retulit
1082 3212 1206 3272 iarn
1268 3212 1451 3290 plene
1513 3212 1841 3289 perceptis,
1905 3211 2307 3284 vendidisset,
2355 3231 2568 3289 ymmo
2614 3212 2895 3273 vendidit
2941 3231 3150 3272 coram

589 3319 768 3378 nobis
817 3319 951 3379 iure
999 3326 1302 3397 perpetuo
1351 3326 1414 3378 et
1458 3318 1946 3379 irrevocabiliter
1992 3319 2438 3398 possidendam
2484 3327 2546 3378 et
2590 3320 3152 3398 quomodocunque

586 3425 850 3484 voluerit
911 3425 1083 3485 iuxta
1145 3424 1490 3502 predictam
1554 3426 2067 3485 consvetudinem
2137 3425 2317 3504 reg-ni
2363 3425 2848 3504 disponendam;
2898 3434 2961 3487 et
3006 3445 3149 3487 cum

584 3533 838 3593 tandem
885 3552 1002 3592 nos
1048 3533 1131 3592 ad
1179 3532 1514 3591 instantem
1560 3532 1934 3609 peticionem
1982 3533 2402 3610 predictorum
2448 3533 2769 3611 Stephani,
2824 3533 3147 3593 Benedicti

584 3649 647 3700 et
677 3639 1039 3713 ClementiS‚
1089 3659 1202 3717 per
1233 3640 1490 3699 eosdem
1519 3639 1698 3698 nobis
1732 3639 2067 3718 superinde
2123 3639 2239 3700 iuri
2302 3659 2581 3719 congrue
2622 3649 2991 3718 porrectam,
3040 3660 3147 3699 no—

585 3747 740 3807 biles
786 3746 956 3806 viros
1005 3747 1315 3806 Thomam
1375 3746 1572 3805 filium'
1637 3746 1836 3805 Marci
1898 3746 2005 3805 filii
2070 3748 2243 3805 Iwan
2306 3747 2413 3806 filii
2476 3748 2687 3807 Laczk
2742 3748 2820 3807 de
2870 3747 3147 3825 predicta

585 3856 817 3929 Mlaka‚
876 3863 941 3914 et
1000 3855 1389 3933 Stephanum
1451 3854 1644 3913 filium
1705 3853 1959 3914 Andree
2008 3854 2113 3914 filii
2184 3853 2409 3932 prefati
2479 3854 2719 3914 Nicolai
2786 3856 2863 3915 de
2924 3856 3147 3915 eadem

585 3962 817 4034 Mlaka‚
867 3981 942 4022 ac
988 3963 1276 4022 Marcum
1337 3960 1531 4021 filium
1592 3962 1884 4020 Iohannis
1944 3961 2023 4020 de
2070 3962 2483 4035 Werbanecz,
2544 3981 2662 4021 nec
2721 3982 2846 4023 non
2892 3964 3146 4023 Petrum

587 4070 780 4131 filiurn
826 4070 1139 4130 Valentini
1188 4072 1266 4130 de
1313 4068 1589 4129 Inferiori
1637 4070 2057 4145 Lompnycza,
2106 4068 2476 4148 iobagiones
2550 4068 2836 4128 videlicet
2899 4078 3145 4129 nostros

584 4177 954 4257 fidedignos,
1003 4178 1085 4236 ad
1130 4175 1588 4253 infrascriptam
1636 4174 1914 4253 predicte
1964 4174 2381 4252 possessionis
2430 4184 2492 4233 et
2536 4174 2847 4252 porcionis
2896 4194 3142 4252 posses·-

583 4284 850 4345 sionarie
899 4283 1428 4344 introduccionem
1476 4288 1538 4342 et
1585 4279 1998 4341 statucionem
2047 4280 2610 4357 possessionariam
2658 4280 3027 4354 faciendam,
3062 4283 3140 4342 de

580 4392 731 4450 sede
779 4400 994 4451 nostra
1037 4389 1360 4451 iudiciaria
1415 4388 1788 4467 supradicta,
1839 4387 2061 4447 eadem
2120 4387 2277 4447 feria
2322 4387 2601 4447 secunda
2647 4387 2949 4467 legittime
2998 4389 3138 4447 des-

579 4498 973 4573 tinassemus,
1034 4499 1288 4558 tandem
1353 4496 1538 4557 iidem
1587 4496 1956 4575 iobagiones
2020 4494 2215 4554 nostri
2278 4494 2579 4574 fidedigni
2645 4494 2707 4553 in
2772 4493 3155 4572 quiendenis'

579 4604 855 4682 predicte
903 4604 1054 4665 ferie
1103 4604 1377 4663 secunde
1445 4602 1666 4663 exinde
1731 4603 1813 4661 ad
1882 4620 1997 4661 nos
2062 4601 2297 4661 reversi
2360 4609 2422 4660 et
2468 4619 2580 4679 per
2640 4620 2755 4659 nos
2810 4600 3140 4679 diligenter

579 4711 871 4789 requisiti,
917 4712 1097 4771 nobis
1146 4710 1535 4772 concorditer
1581 4729 1656 4769 eo
1704 4710 1892 4770 modo
1941 4710 2301 4782 retulerunt,
2351 4719 2417 4768 ut
2464 4710 2613 4769 dum
2657 4708 2777 4786 ipsi
2835 4707 2992 4767 feria
3040 4726 3136 4767 se-

576 4821 781 4880 cunda
825 4819 1110 4897 proxima
1156 4828 1298 4897 post
1343 4819 1570 4879 festum
1619 4818 1801 4877 beate
1849 4817 2131 4876 Barbare
2166 4816 2424 4895 virginis
2448 4820 2521 4875 'et
2562 4815 2830 4875 martiris
2878 4814 3132 4888 Christi,

573 4944 738 4985 nunc
783 4925 1062 5003 proxime
1110 4924 1490 5003 preteritum,
1541 4924 1623 4983 ad
1667 4923 1861 4983 facies
1907 4922 2187 5001 predicte
2250 4921 2667 5000 possessionis
2715 4931 2776 4981 et
2822 4920 3133 4999 porcionis
