3917 5592
3066 505 3107 572 5

550 722 938 784 occidentem
985 731 1132 802 exyt
1164 723 1246 784 ad
1277 711 1547 784 terream
1594 733 1844 800 metam,
1879 732 1941 784 et
1978 723 2121 784 inde
2168 725 2367 785 tendit
2412 744 2524 804 per
2550 745 2842 804 campum
2887 745 3107 786 versus

549 832 1056 910 septemtrionem
1095 850 1223 910 per
1283 841 1484 892 metas
1544 833 1625 892 ad
1696 833 1985 892 arborem
2056 833 2407 911 populeam,
2456 841 2519 893 et
2563 834 2709 894 inde
2758 836 2838 894 ad
2884 854 3107 913 pyrum

549 939 656 999 vbi
705 947 802 999 est
847 947 1033 1013 meta,
1082 949 1145 998 et
1175 939 1318 999 inde
1366 959 1480 1018 per
1525 949 1726 1000 metas
1776 941 1857 1000 ad
1885 941 2172 999 arborem
2220 941 2451 1019 graber
2482 949 2545 1000 et
2574 940 2657 1000 ibi
2692 949 2788 1000 est
2832 949 3017 1016 meta,
3046 949 3111 1000 et

551 1048 692 1107 inde
753 1047 930 1106 uadit
975 1047 1056 1107 ad
1120 1047 1306 1107 aliam
1369 1048 1656 1107 arborem
1719 1056 2010 1128 gyrtyan‚
2082 1048 2248 1107 circa
2294 1068 2484 1126 quam
2550 1056 2646 1108 est
2692 1056 2876 1108 meta.
2952 1050 3109 1108 Item

551 1163 719 1214 meta
762 1162 944 1230 terre,
994 1174 1184 1232 quam
1233 1174 1271 1214 a
1317 1155 1683 1235 Bogdazlao
1731 1155 1855 1215 filio
1904 1155 2149 1232 Cuplen
2200 1163 2262 1214 et
2306 1156 2649 1215 Wratizlao
2699 1165 2761 1216 et
2804 1164 2936 1216 tota
2968 1175 3108 1234 pro*-

551 1261 735 1342 genie
783 1279 900 1321 sua
930 1261 1096 1336 emit,
1142 1262 1342 1339 prima
1387 1270 1558 1322 meta
1587 1261 1799 1340 incipit
1846 1260 1924 1321 ab
1976 1262 2197 1321 arbore
2246 1262 2489 1336 dumuS‚
2538 1281 2658 1341 que
2708 1270 2802 1322 est
2845 1263 2911 1323 in
2974 1263 3111 1340 ripa

549 1369 722 1429 fluuii
769 1369 945 1429 Odra
1011 1377 1074 1429 et
1133 1369 1302 1430 inde.
1340 1370 1539 1430 tendit
1599 1388 1821 1430 versus
1884 1369 2275 1429 occidentem
2337 1389 2451 1447 per
2515 1377 2714 1430 metas
2782 1371 2863 1429 ad
2920 1388 3111 1428 vnam

552 1495 849 1558 magnam
895 1484 1168 1537 terream
1213 1485 1464 1551 metam,
1513 1485 1576 1536 et
1605 1478 1750 1537 inde
1798 1477 2081 1555 procedit
2130 1496 2349 1536 versus
2397 1476 2719 1536 meridiem
2751 1496 2863 1555 per
2909 1485 3110 1536 metas

554 1585 634 1644 ad
681 1603 982 1644 monerou
1039 1585 1232 1645 bocor
1285 1593 1350 1645 et
1401 1585 1484 1645 ibi
1532 1593 1630 1645 est
1675 1593 1842 1645 meta
1889 1584 1952 1644 in
2000 1584 2136 1662 ripa
2196 1584 2379 1644 vnius
2424 1586 2625 1645 mlace
2688 1593 2751 1644 et
2810 1585 2955 1645 inde
3000 1605 3113 1663 per

558 1694 824 1753 eandem
851 1694 1148 1772 paludem
1174 1694 1458 1754 ascendit
1489 1713 1710 1754 versus
1741 1692 2129 1753 occidentem
2162 1699 2225 1751 et
2257 1700 2403 1769 exyt
2432 1693 2513 1752 ad
2557 1701 2828 1752 terream
2862 1700 3111 1766 metam,

555 1808 618 1858 et
660 1799 742 1859 ibi
791 1799 1084 1860 diuiditur
1131 1820 1210 1860 ex
1238 1802 1497 1862 dextera
1549 1809 1726 1880 parte
1774 1809 1943 1860 terra
1974 1800 2115 1858 W'lc
2163 1818 2306 1858 cum
2351 1799 2771 1876 Boyemorum
2817 1809 3001 1874 terra,
3035 1819 3113 1859 ex

553 1907 803 1967 sinistra
861 1926 1014 1967 uero
1063 1915 1345 1968 remanet
1403 1916 1572 1968 terra
1635 1907 1782 1968 dicti
1841 1909 1932 1982 .P.,
1982 1915 2045 1967 et
2088 1906 2233 1966 inde
2281 1907 2478 1966 tendit
2522 1927 2743 1967 versus
2790 1907 3115 1967 meridiem

555 2016 634 2073 ad
683 2015 971 2075 arborem
1025 2016 1246 2092 pirum,
1295 2024 1357 2074 et
1401 2016 1544 2075 inde
1588 2016 1768 2076 vadit
1811 2034 2033 2075 versus
2080 2013 2468 2075 occidentem
2533 2015 2703 2076 iuxta
2764 2014 2986 2075 siluam
3032 2015 3114 2074 ad

557 2116 906 2200 antiquam⁴
967 2130 1230 2182 stratam
1274 2123 1336 2182 in
1399 2123 1690 2203 ingressu
1739 2123 1912 2197 silue,
1972 2130 2035 2182 et
2080 2141 2196 2200 per
2256 2124 2523 2183 eandem
2570 2129 2831 2183 stratam
2892 2142 3113 2182 versus
3156 2183 3165 2190 ,

553 2229 878 2304 meridiem
934 2230 1014 2289 ad
1065 2249 1308 2308 pyrum,
1379 2249 1500 2308 que
1550 2239 1647 2290 est
1693 2231 1756 2289 in
1804 2230 1938 2308 ripa
1984 2230 2158 2290 fluuii
2203 2231 2520 2305 Lomniza,
2570 2237 2633 2290 et
2678 2249 2791 2308 per
2846 2230 3115 2290 eundem

553 2337 814 2396 fluuium
877 2355 1098 2396 uersus
1145 2337 1536 2397 occidentem
1593 2338 1875 2398 ascendit
1921 2346 1986 2398 et
2031 2340 2109 2398 de
2155 2338 2348 2398 fluuio
2396 2358 2617 2398 uersus
2664 2336 2987 2401 meridiem
3035 2338 3116 2397 ad

557 2444 846 2504 arborem
893 2445 1118 2519 chrast,
1167 2452 1230 2504 et
1259 2444 1404 2504 inde
1450 2445 1733 2523 procedit
1779 2445 1860 2504 ad
1906 2446 2112 2504 locum
2160 2445 2489 2505 Mochirad
2536 2465 2613 2505 ex
2642 2446 2898 2505 dextera
2946 2453 3116 2504 terra

555 2551 994 2628 Boyemorum,
1069 2571 1146 2611 ex
1203 2552 1455 2612 sinistra
1522 2561 1691 2612 terra
1753 2552 1902 2612 dicti
1972 2553 2039 2612 P.
2086 2553 2290 2612 Huius
2338 2572 2489 2613 vero
2538 2552 2879 2630 empcionis
2926 2569 3115 2611 cause

551 2659 638 2718 hii
707 2655 1143 2719 fideiussores⁵
1206 2658 1574 2719 extiterunt:
1643 2660 1934 2720 videlicet
1981 2661 2203 2720 Petrus
2250 2659 2413 2720 filius
2460 2659 2715 2734 Cozme,
2774 2659 3117 2737 JarozlauS,

553 2768 836 2841 Budona,
893 2767 1148 2842 Daccin,
1197 2767 1386 2841 Cosa,
1450 2767 1724 2844 Beriuoy
1771 2777 1833 2826 et
1881 2769 2005 2826 duo
2051 2767 2358 2827 tributarii
2410 2767 2717 2826 Martinus
2766 2774 2828 2827 et
2874 2768 3119 2826 Thoma

550 2875 805 2934 Bilotus.
883 2875 965 2934 Et
1010 2882 1078 2934 ut
1123 2873 1399 2953 presenti
1444 2875 1676 2955 pagine
1723 2875 1881 2935 fides
1927 2875 2351 2935 indubitanter
2399 2874 2782 2948 adhibeatur,
2832 2875 2912 2934 ad
2958 2873 3111 2953 peti-

551 2981 792 3041 cionem
840 2981 1119 3060 parcium
1169 3000 1429 3060 presens
1489 2981 1787 3060 scriptum
1836 2981 2021 3063 sigilli
2068 2982 2261 3042 nostri
2308 2981 2645 3041 munimine
2708 2980 2968 3066 fecimus
3015 2999 3112 3044 ro-

549 3089 772 3148 borari.
819 3089 1048 3149 Actum
1080 3089 1214 3150 istis
1241 3090 1668 3169 presentibus:
1716 3090 2021 3169 magistro
2069 3089 2421 3168 Pangracio
2464 3081 2768 3162 cantore,⁰
2812 3087 3114 3166 magistro

540 3197 826 3274 Johanne
873 3198 1122 3272 lectore,
1170 3196 1482 3276 Gregorio
1529 3198 1807 3272 custode,
1863 3197 2139 3273 Symone
2184 3203 2247 3256 et
2277 3195 2519 3255 Briccio
2568 3195 3021 3254 archidiaconis
3056 3202 3119 3254 et

549 3305 756 3364 multis
824 3303 977 3379 aliis,
1036 3303 1287 3364 domino
1357 3312 1571 3364 nostro
1637 3305 1914 3364 secundo
1986 3305 2306 3382 Stephano
2371 3303 2634 3362 ecclesie
2709 3310 2919 3362 nostre
2982 3302 3120 3362 sedi

549 3405 808 3472 feliciter
851 3411 1226 3490 presidente.
1292 3411 1478 3472 Anno
1528 3413 1605 3472 ab
1657 3413 2097 3473 incarnacione
2146 3411 2459 3472 dominica
2505 3405 3115 3471 M⁰.CC⁰.XX⁰.VHI.

548 3538 766 3580 mense
815 3520 1040 3598 aprilis

763 3656 1046 3727 Originale
1083 3660 1527 3714 membraneum.
1601 3661 1663 3714 In
1704 3661 1891 3715 medio
1939 3660 2179 3729 paginae
2222 3660 2507 3729 appendet
2542 3661 2906 3714 membraneo.
2946 3657 3117 3726 ligula

546 3749 760 3817 absque
797 3747 1000 3816 sigillo.
1037 3749 1099 3801 In
1137 3748 1370 3803 archivo
1411 3765 1696 3803 commun.
1735 3751 1865 3804 nob.
1905 3750 1975 3804 de
2010 3749 2333 3818 Turopolje.

767 3873 782 3903 ¹
822 3873 918 3929 sic.
977 3874 998 3902 ²
1033 3872 1130 3927 sic.
1172 3874 1190 3903 ³
1229 3874 1325 3928 sic.
1365 3875 1385 3903 ⁴
1423 3874 1675 3944 sequitur
1714 3874 1967 3929 de'etum
2008 3875 2305 3944 „eiluam.“
2354 3877 2373 3902 ⁵
2410 3874 2505 3928 Bis
2544 3874 2831 3943 scriptum.
2877 3875 2896 3902 ⁶
2934 3873 3117 3942 Supra

549 3962 756 4016 lineam
793 3962 1084 4031 scriptum.

760 4252 944 4312 Anno
1004 4251 1187 4314 1234.
1796 4141 1878 4212 3.

547 4409 761 4476 Keled
790 4411 1173 4480 -vicebanus
1201 4416 1268 4478 et
1287 4433 1521 4491 comes
1555 4413 2069 4500 Zagrabiensi8‚
2117 4416 2378 4478 terram
2412 4412 2850 4489 Mosochana,
2900 4433 3111 4498 quam

553 4518 956 4584 Crachonus
993 4520 1069 4584 vi
1095 4523 1562 4604 occupaverat,
1609 4521 1907 4586 Iunosae
1937 4519 2309 4606 adjudicat,
2356 4539 2646 4606 eumque
2688 4525 2817 4603 per
2832 4519 3115 4602 pristal-

547 4625 717 4690 dum
747 4648 959 4691 suum
997 4626 1323 4692 Vidomer
1366 4629 1442 4693 in
1469 4631 1976 4713 possessionem
2008 4629 2315 4694 eiusdem
2342 4632 2567 4692 terrae
2588 4629 2793 4692 metis
2840 4627 3106 4690 circum

1529 4737 1841 4816 vallatae,
1889 4737 2132 4805 mittit.

761 4897 962 4958 Keled
1007 4897 1348 4960 uicebanus
1381 4909 1443 4960 et
1475 4920 1686 4961 comes
1732 4901 2180 4982 Zagrabiensis
2212 4899 2519 4958 Vniuersis
2554 4899 2633 4958 ad
2668 4919 2823 4977 quos
2857 4917 3116 4977 presens

545 5005 842 5084 scriptum
910 5007 1267 5083 peruenerit
1330 5007 1594 5068 salutem
1642 5007 1706 5066 in
1767 5009 2035 5068 domino.
2130 5007 2394 5066 N'ouerit
2457 5006 2731 5065 omnium
2796 5005 3115 5076 discreciO,
