3917 5592
855 420 932 486 12

840 641 1125 701 Volchila
1183 641 1380 700 filium
1427 642 1729 716 Volcumi,
1803 642 2227 720 Dedomerum
2274 643 2468 704 filium
2514 643 2732 719 Volxa,
2780 641 3157 704 Chadunam
3214 641 3407 703 filium

839 749 1144 822 Raduani,
1214 748 1588 808 Raduhnam
1635 749 1828 808 filium
1899 751 2235 810 Radomeri
2283 762 2345 810 et
2390 761 2587 811 totam
2656 751 3142 830 generacionem
3189 769 3405 809 eorum

839 875 880 915 a
924 863 1102 933 parte
1165 875 1306 930 vna,
1355 863 1418 916 et
1463 857 1837 919 Miruzlaum
1889 864 1951 916 et
1996 857 2155 918 filios
2226 850 2435 918 Endre
2484 859 2564 918 ab
2612 860 2825 932 altera,
2874 858 3118 936 questio
3167 876 3403 937 magna

839 962 1051 1041 sepius
1095 981 1288 1046 super
1331 962 1515 1022 terris
1564 981 1781 1022 eorum
1829 964 2219 1025 hereditariis
2268 974 2632 1044 verteretur,
2702 966 2958 1026 tandem
3004 984 3121 1044 nos
3170 965 3253 1023 ad
3290 981 3405 1042 pe-

838 1069 1132 1130 ticionem
1179 1069 1498 1147 Vtriusque
1545 1071 1740 1147 partis
1763 1071 2079 1146 inclinati,
2126 1073 2443 1148 Leucham
2492 1072 2747 1132 fratrem
2778 1073 3063 1149 Budyna,
3112 1072 3407 1132 dilectum

839 1187 902 1236 et
947 1178 1198 1238 fidelem
1267 1184 1568 1252 nostrum,
1641 1179 1722 1237 ad
1769 1180 2157 1256 separandas
2205 1179 2481 1257 ipsorum
2528 1188 2729 1239 terras
2798 1200 2941 1238 cum
2961 1175 2969 1182 “
2988 1179 3173 1239 certis
3221 1178 3405 1238 metis

840 1285 1130 1345 duximus
1201 1285 1615 1364 dirigendum,
1685 1285 1789 1364 qui
1861 1287 1942 1345 ad
2012 1305 2127 1347 nos
2198 1306 2489 1346 reuersus
2560 1287 2952 1364 presentibus
3016 1287 3295 1365 partibus
3346 1293 3408 1345 et

841 1393 1294 1454 affirmantibus
1366 1393 1518 1453 dixit
1562 1401 1763 1453 terras
1835 1413 2055 1453 eorum
2102 1394 2165 1453 in
2212 1395 2371 1454 duas
2418 1403 2628 1472 partes
2692 1394 2981 1454 diuisisse
3026 1411 3142 1472 per
3188 1401 3407 1466 metaS,

839 1520 1105 1580 quarum
1153 1519 1342 1560 vnam
1398 1509 1659 1578 partem,
1728 1500 1965 1560 scilicet
2012 1502 2090 1560 de
2137 1509 2313 1578 parte
2361 1500 2661 1576 orientali,
2718 1501 2963 1580 reliquit
3030 1502 3293 1560 Volcote
3342 1509 3405 1560 et

841 1627 952 1669 sue
977 1608 1408 1688 generacioni,
1442 1609 1678 1668 scilicet
1708 1607 2146 1687 iobagionibus
2180 1609 2367 1668 castri
2395 1609 2655 1686 pacifice
2687 1609 3150 1687 possidendam,
3174 1615 3406 1666 terram

841 1725 1052 1775 autem
1100 1734 1138 1774 a
1185 1723 1362 1794 parte
1430 1715 1801 1775 occidentali
1871 1715 2177 1774 Miruzlao
2226 1725 2288 1775 et
2330 1716 2473 1774 filiis
2542 1716 2751 1775 Endre
2799 1715 3079 1775 similiter
3146 1715 3409 1792 pacifice

839 1823 1302 1901 possidendam.
1397 1823 1568 1882 Mete
1617 1831 1845 1896 autem,
1893 1841 2053 1900 quas
2099 1822 2267 1881 idem
2320 1823 2575 1881 Leucha
2648 1822 2808 1881 inter
2853 1833 3053 1882 terras
3089 1821 3407 1900 parcium

839 1932 1113 1990 eleuauit
1157 1930 1364 1990 taliter
1409 1930 1907 2010 distinguuntur:
1980 1930 2182 2008 prima
2227 1929 2417 2008 igitur
2462 1940 2631 1989 meta
2696 1930 2909 2008 incipit
2954 1931 3049 1989 de'
3082 1929 3411 1990 Croarzka

839 2047 900 2098 et
947 2037 1122 2097 vadit
1151 2037 1214 2096 in
1246 2037 1508 2096 fluuium
1556 2036 2014 2112 Locholnycha,
2063 2037 2169 2096 ubi
2199 2037 2426 2096 fluuius
2473 2037 2805 2113 Sornouyk
2836 2037 3005 2096 cadit
3048 2037 3112 2096 in
3145 2036 3409 2096 Lochol·

840 2147 1063 2223 nycha,
1112 2153 1176 2204 et
1221 2145 1304 2203 ibi
1339 2144 1586 2203 dimittit
1631 2144 1893 2202 fluuium
1940 2145 2384 2220 Locholny‘cha
2413 2151 2475 2204 et
2505 2145 2681 2203 vadit
2725 2145 2786 2204 in
2835 2145 3027 2204 fluuio
3074 2144 3409 2220 Somouyk

839 2250 1127 2330 superius
1173 2270 1374 2329 usque
1421 2251 1504 2309 ad
1552 2258 1740 2328 caput
1808 2251 2157 2326 Somouyk,
2207 2259 2269 2310 et
2314 2251 2457 2311 inde
2508 2253 2789 2312 ascendit
2836 2252 2917 2311 ad
2964 2259 3241 2311 montem
3304 2251 3412 2308 vbi

839 2371 936 2420 est
981 2366 1150 2418 meta
1215 2367 1422 2418 terrea
1471 2367 1533 2417 et
1580 2378 1730 2417 crux
1777 2358 1838 2416 in
1889 2359 2109 2417 arbore
2167 2359 2396 2436 querci,
2446 2359 2669 2420 deinde
2719 2359 3043 2421 descendit
3089 2360 3170 2418 ad
3218 2377 3409 2417 vnam

841 2466 1045 2544 pirum
1094 2472 1157 2525 et
1201 2465 1376 2524 vadit
1439 2485 1555 2543 per
1601 2465 1860 2524 fluuium
1906 2464 2220 2542 Lipnicza,
2268 2465 2493 2525 deinde
2542 2475 2751 2526 autem
2798 2466 2972 2525 vadit
3040 2465 3202 2524 inter
3248 2465 3411 2523 duas

837 2574 1057 2632 vineas
1105 2573 1187 2631 ad
1235 2573 1591 2649 sepulcrum
1659 2573 1906 2650 Hogye,
1955 2573 2124 2649 quod
2172 2579 2267 2630 est
2320 2592 2432 2650 pro
2478 2581 2663 2648 meta,
2734 2574 2813 2632 de
2861 2573 3149 2650 sepulcro
3198 2579 3411 2631 autem

837 2679 1011 2739 vadit
1079 2697 1192 2756 per
1257 2697 1448 2737 vnam
1495 2679 1680 2751 viam,
1751 2697 1872 2755 que
1921 2679 2091 2756 wlgo
2137 2687 2399 2738 vocatur
2466 2699 2745 2758 pomgno
2792 2687 2855 2739 et
2906 2698 3131 2756 parum
3202 2677 3411 2738 eundo

838 2786 1110 2847 declinat
1154 2785 1238 2845 ad
1286 2785 1610 2844 dexteram
1681 2793 2035 2863 partem.et
2084 2786 2249 2844 cadit
2296 2786 2358 2844 in
2406 2795 2594 2864 caput
2638 2786 2950 2864 Lipnicza,
3023 2786 3251 2846 deinde
3298 2804 3414 2863 per

839 2893 1202 2971 Lipniczam
1264 2891 1439 2950 vadit
1507 2891 1779 2964 inferiuS,
1847 2901 2071 2969 postea
2120 2900 2329 2952 autem
2398 2893 2522 2952 exit
2567 2893 2645 2952 de
2693 2893 2883 2952 fluuio
2954 2892 3256 2970 Lipnicza
3329 2892 3410 2950 ad

833 3001 1163 3060 ‘dexteram
1210 3006 1472 3077 partem,
1545 2997 1773 3057 deinde
1820 3007 2032 3058 autem
2081 2989 2161 3058 ad
2212 3007 2454 3076 partem
2501 2999 2864 3059 orientalem
2912 3009 2975 3059 et
3012 3000 3248 3058 deinde
3296 3018 3413 3076 per

839 3126 1058 3167 cruces
1107 3107 1187 3166 ad
1235 3113 1529 3178 montem,
1576 3105 1681 3163 vbi
1727 3107 2014 3183 peruenit
2060 3106 2122 3165 in
2170 3099 2358 3165 Vnam
2404 3125 2719 3183 quercum,
2775 3127 2897 3185 que
2944 3116 3041 3167 est
3086 3107 3151 3166 in
3198 3107 3409 3166 medio

839 3215 957 3288 vie,
1007 3224 1068 3274 et
1115 3233 1228 3292 per
1275 3213 1543 3272 eandem
1589 3212 1756 3271 viam
1805 3213 1979 3272 vadit
2026 3215 2105 3273 ad
2152 3221 2341 3289 caput
2370 3213 2646 3286 Lukauz,
2696 3223 2758 3273 et
2778 3233 2895 3292 per
2938 3215 3199 3273 Lukauz
3234 3214 3411 3274 vadit

839 3321 1093 3404 inferius
1163 3339 1277 3398 per
1322 3339 1627 3402 magnum
1697 3321 1999 3397 spacium,
2047 3319 2130 3379 ibi
2203 3319 2327 3378 exit
2378 3320 2459 3378 ad
2506 3367 2769 3380 .....
2834 3321 3107 3404 [aliJam,
3134 3322 3212 3380 de
3262 3321 3409 3380 hinc

836 3439 1050 3492 autem·
1095 3428 1202 3487 ad
1221 3428 1458 3499 horozt,
1507 3434 1570 3486 et
1617 3426 1696 3484 de
1742 3428 1990 3485 horozt
2008 3427 2182 3486 vadit
2208 3441 2251 3489 ‚t
2290 3473 2301 3485 .
2352 3473 2363 3485 .
2414 3473 2426 3484 .
2476 3469 2489 3486 .
2537 3429 2745 3486 adhuc
2792 3437 2855 3487 et
2896 3428 3060 3488 inter
3105 3428 3409 3506 Lipnicza

834 3543 905 3596 et
941 3527 1354 3613 Lampnicza¹
1401 3541 1498 3592 est
1540 3531 1837 3610 que[da1¹n
1868 3533 2059 3609 ter]ra
2106 3531 2355 3592 nomine
2404 3534 2674 3610 [Losan],
2722 3555 2845 3628 que
3018 3581 3287 3594 .....
3338 3542 3403 3594 et

833 3661 944 3701 sue
993 3639 1413 3720 generacioni,
1461 3640 1524 3698 in
1571 3658 1696 3718 qua
1743 3658 1860 3698 nec
1905 3640 2013 3698 filii
2058 3640 2266 3698 Endre
2314 3659 2431 3699 nec
2476 3641 2819 3700 Miruzlaus
2865 3644 2961 3700 h
2956 3689 3223 3701 .....
3252 3625 3288 3701 ⁴.
3343 3651 3407 3702 et

835 3749 1006 3808 iuxta
1053 3748 1322 3807 eandem
1368 3755 1600 3805 terram
1647 3747 1858 3805 Losan
1905 3746 2069 3806 iacet
2136 3753 2304 3805 terra
2349 3747 2613 3806 filiorum
2665 3749 2919 3826 [EndJre
2966 3769 3191 3809 versus
3240 3751 3407 3810 occi-

837 3857 1088 3915 dentem
1136 3863 1198 3914 et
1245 3862 1446 3914 metas
1495 3853 1808 3930 fil[ior]um
1855 3853 2064 3912 Endre
2113 3860 2175 3913 et
2221 3854 2499 3928 Volcute,
2547 3854 2628 3914 ibi
2675 3855 2896 3914 diuidit
2942 3857 3295 3933 Mochyrad
3344 3867 3409 3917 et

837 3961 1133 4040 distingit,
1167 3960 1392 4019 deinde
1441 3969 1651 4018 autem
1683 3960 1762 4018 de
1793 3951 2132 4035 Lomnyza,
2179 3960 2284 4019 vbi
2331 3968 2474 4018 sunt
2506 3969 2668 4020 mete
2701 3970 2903 4021 terree
2938 3981 3051 4040 per
3096 3983 3405 4044 magnam

840 4067 1008 4126 viam
1039 4066 1213 4126 vadit
1258 4085 1458 4143 vsque
1491 4058 2026 4139 Globlacamaca²,
2074 4065 2298 4125 deinde
2328 4065 2502 4125 vadit
2549 4086 2769 4144 parum
2805 4069 2887 4127 ad
2918 4077 3164 4146 partem
3196 4071 3403 4130 orien-

839 4175 1045 4248 talem,
1095 4178 1156 4232 et
1187 4172 1272 4231 ibi
1317 4171 1640 4250 pei-ueniet
1673 4173 1753 4230 ad
1785 4173 2007 4246 locum,
2055 4171 2160 4249 qui
2208 4173 2376 4250 wlgo
2409 4172 2631 4231 dicitur
2670 4174 2926 4250 Curym,
2974 4175 3201 4236 deinde
3227 4177 3407 4238 vadit

841 4278 1344 4338 ad·'territorium
1388 4277 1670 4353 Volcute,
1717 4279 1824 4337 vbi
1853 4279 2119 4338 Volcuta
2148 4287 2211 4339 et
2241 4281 2577 4358 generacio
2626 4301 2742 4340 sua
2788 4283 3201 4342 demisenmt·
3223 4285 3404 4362 q'uin'-

839 4387 1142 4464 quaginta
1189 4393 1446 4444 vereten
1478 4385 1594 4444 illis
1643 4387 1722 4444 de
1771 4404 1987 4444 eorum
2034 4385 2327 4462 porcione
2374 4403 2487 4464 pro
2522 4390 2903 4464 concambiO,
2952 4393 3067 4450 sed
3112 4392 3265 4469 quia
3312 4393 3404 4452 di-

838 4492 1078 4551 mensio
1125 4491 1246 4566 illa,
1294 4491 1528 4551 scilicet
1571 4491 2027 4571 quinquaginta
2072 4499 2327 4551 vereten
2376 4494 2491 4552 sub
2545 4494 2691 4553 villa
2739 4497 3012 4573 suppleri
3043 4517 3173 4557 non
3220 4499 3405 4576 pot'u·

840 4603 1036 4672 erunt,
1061 4597 1481 4675 ‘postmodum
1551 4599 2001 4676 suppleuerunt
2046 4613 2159 4657 eas
2205 4607 2347 4658 ante
2396 4600 2603 4658 villam
2650 4599 2917 4662 filiorum
2988 4603 3202 4665 Endre
3258 4607 3405 4666 filiis

837 4703 1047 4763 Endre
1119 4705 1496 4778 memoratiS,
1581 4713 1873 4782 preterea
1917 4704 2085 4763 idem
2156 4706 2408 4765 Leucha
2468 4707 2802 4784 pristaldus
2874 4718 3109 4770 terram
3180 4731 3401 4772 eorum

838 4809 1276 4870 hereditariam
1346 4810 1628 4870 similiter
1699 4810 2068 4869 existentem
2132 4811 2219 4868 cis
2266 4812 2525 4871 fluuium
2579 4812 2769 4888 Odra,
2842 4815 3051 4875 diuisit
3108 4818 3173 4876 in
3237 4820 3402 4880 duas

837 4923 1063 4992 partes,
1110 4935 1372 4994 quarum
1419 4935 1544 4976 vna
1587 4935 1738 4994 pars
1771 4935 1848 4976 ex
1877 4923 2058 4992 parte
2106 4917 2356 4975 orientis
2403 4918 2663 4978 Volcute
2713 4930 2774 4978 et
2822 4940 2933 4981 sue
2968 4925 3401 5002 generacioni,
