3917 5592
3083 331 3204 395 199

643 541 886 601 comitis
934 542 1263 616 terrestris,
1311 560 1501 619 quam
1548 543 1826 620 prefatus
1862 543 2106 604 Paulus
2153 564 2426 624 magnus
2473 546 2677 604 eidem
2723 546 3043 625 Stephano
3090 567 3204 625 pro

640 648 915 725 quadam
963 649 1085 708 alia
1132 668 1250 707 sua
1294 648 1588 726 porcione
1637 650 2138 727 possessionaria
2184 650 2248 710 in
2295 651 2442 711 villa
2489 654 2854 729 Lomnycha
2883 655 3202 732 Superiori

637 764 984 834 prenotata,
1032 776 1155 835 que
1202 758 1473 816 eundem
1517 758 1906 835 Stephanum
1971 758 2526 837 proporcionaliter
2589 780 2967 821 concernere
3031 762 3200 821 vide-

640 864 840 939 batur,
889 864 1397 926 concambialiter
1427 863 1705 924 dedisset
1736 874 1799 924 et
1831 865 2237 945 assignasset,
2271 875 2334 927 et
2364 868 2443 927 de
2473 866 2610 945 ipso
2643 868 2834 927 fluvio
2859 870 3202 929 Lukauech

636 990 831 1050 penes
880 990 1109 1051 aquarn
1156 972 1221 1031 in
1266 990 1483 1050 parwo
1531 972 1744 1049 spacio
1804 972 2088 1051 procedit
2156 974 2238 1034 ad
2306 975 2621 1053 quandam
2692 994 2947 1054 pomum
3015 994 3200 1035 cruce

641 1079 959 1158 signatam
1004 1096 1201 1157 penes
1238 1054 1535 1138 ‘eandem
1606 1098 1836 1157 aquam
1907 1080 2292 1155 existentem,
2362 1081 2506 1141 inde
2576 1081 2808 1142 directe
2878 1082 3050 1142 vadit
3119 1084 3200 1143 ad

636 1187 955 1264 quandam
1000 1186 1205 1263 pirum
1251 1192 1421 1246 terra
1466 1186 1933 1261 circumdatam,
1981 1196 2045 1248 et
2088 1187 2234 1247 hinc
2279 1188 2564 1267 pervenit
2611 1190 2693 1249 ad
2737 1209 2932 1249 unum
2977 1190 3198 1250 monti-

572 1370 579 1381 ·
642 1294 850 1352 culum
897 1292 1275 1352 Gorichicha
1344 1292 1595 1369 dictum,
1666 1303 1729 1354 et
1797 1295 1875 1355 de
1944 1294 2082 1373 ipso
2152 1296 2488 1355 monticulo
2552 1296 2724 1357 vadit
2791 1298 2873 1357 ad
2940 1298 3200 1357 fluvium

634 1401 852 1462 Mlaka
898 1401 1131 1461 dictum
1178 1400 1282 1460 ubi
1327 1401 1468 1479 ipsa
1512 1402 1725 1480 porcio
1772 1403 2271 1482 possessionaria
2316 1403 2577 1483 predicti
2623 1405 2926 1484 Stephani
2958 1405 3200 1466 comitis

634 1508 944 1568 terrestris
995 1507 1437 1567 concambialis
1485 1509 1866 1585 terminatur,
1915 1518 1979 1569 et
2021 1510 2162 1589 ipsa
2207 1517 2378 1570 meta
2423 1511 2678 1571 ulterius
2748 1531 2862 1589 per
2929 1514 3200 1573 eundem

632 1614 894 1679 fiuvium
939 1614 1263 1676 descendit
1308 1614 1468 1676 infra
1531 1617 1612 1677 ad
1685 1616 2052 1677 orientalem
2107 1625 2352 1695 partem
2415 1626 2478 1678 et
2538 1619 2825 1698 pervenit
2887 1621 2969 1681 ad
3029 1621 3199 1680 viam

633 1724 947 1802 publicam
1013 1733 1075 1784 et
1119 1743 1233 1803 per
1297 1726 1565 1785 eandem
1635 1725 1804 1785 viam
1851 1726 2020 1786 venit
2083 1744 2280 1804 penes
2327 1725 2539 1787 villam
2584 1724 2936 1805 sepedicta⁵
3013 1729 3197 1788 Lom-

644 1833 851 1909 nycha
897 1832 1129 1892 dictam
1177 1833 1258 1891 ad
1304 1831 1671 1892 orientalem
1716 1841 1961 1911 partem
2009 1840 2072 1893 et
2115 1833 2404 1911 pervenit
2467 1834 2548 1894 ad
2617 1835 2927 1914 quasdam
2995 1843 3197 1895 metas

634 1946 889 2023 terreaS,
938 1958 1059 2018 que
1107 1940 1427 2019 quandam
1472 1947 1705 2000 terram
1751 1939 1945 2017 ipsius
2006 1940 2309 2019 Stephani
2363 1939 2605 2001 comitis
2651 1941 2961 2002 terrestris
3020 1942 3196 2001 here-

632 2046 919 2107 ditariam
968 2046 1276 2106 metaliter
1323 2055 1620 2125 separant
1666 2054 1729 2105 et
1797 2046 2161 2127 distingunt,
2232 2056 2294 2107 et
2364 2048 2443 2108 de
2510 2048 2663 2126 ipsis
2732 2048 2914 2109 metis
2974 2048 3194 2109 terreis

628 2154 818 2214 intrat
864 2154 927 2215 in
974 2174 1205 2233 aquam
1254 2153 1621 2230 Lomnycha
1665 2163 1976 2228 vocatam,
2025 2161 2089 2213 et
2132 2174 2247 2232 per
2292 2174 2436 2215 eam
2481 2154 2640 2215 infra
2703 2157 2784 2216 ad
2831 2156 3194 2216 orientalem

629 2273 873 2342 partem
918 2264 981 2323 in
1028 2264 1194 2324 bono
1242 2263 1456 2341 spacio
1489 2264 1694 2323 eundo
1744 2264 1821 2321 de
1870 2263 2112 2335 eadem,
2161 2262 2286 2322 exit
2332 2264 2412 2323 ad
2444 2282 2737 2341 campum
2769 2263 2850 2323 ad
2878 2264 3196 2342 quandam

631 2371 835 2448 pirum
882 2378 945 2430 et
991 2390 1216 2430 nucem
1263 2390 1377 2449 pro
1424 2370 1606 2430 metis
1674 2372 2024 2450 deputataS,
2093 2370 2318 2430 deinde
2389 2389 2504 2449 per
2569 2379 2802 2430 metam
2873 2370 3193 2450 spinarum

630 2478 800 2538 venit
846 2479 929 2539 ad
973 2497 1163 2537 unam
1210 2497 1489 2555 parwam
1538 2479 1785 2552 vallem,
1832 2488 1895 2537 et
1939 2497 2052 2556 per
2101 2479 2366 2538 eandem
2414 2478 2584 2538 venit
2630 2479 2712 2538 ad
2759 2478 2928 2537 viam
2990 2478 3188 2558 publi-

630 2604 786 2659 cam,
834 2604 946 2663 per
994 2603 1183 2663 quarn
1228 2585 1452 2643 transit
1499 2586 1579 2644 ad
1627 2585 1812 2645 aliam
1860 2594 2094 2644 metam
2141 2586 2478 2663 spinarum,
2525 2604 2649 2664 que
2697 2604 2884 2646 versa
2950 2594 3047 2645 est
3112 2587 3192 2645 ad

629 2694 1037 2769 occidentem,
1086 2704 1149 2754 et
1196 2696 1272 2754 de
1322 2695 1543 2754 eadem
1593 2694 1825 2753 directe
1872 2694 2154 2771 procedit
2226 2695 2287 2754 in
2358 2714 2586 2772 aquarn
2657 2693 2835 2754 Odra
2901 2701 3190 2753 vocatam

628 2802 843 2881 sicque
917 2811 1083 2862 mete
1160 2802 1501 2882 prescripte
1575 2810 1795 2879 quarte
1872 2801 2068 2879 partis
2142 2802 2610 2879 possessionum
2691 2810 2754 2861 et
2828 2801 3192 2879 porcionum

626 2900 1263 2987 possessionariarum
1310 2910 1731 2987 predictarum
1778 2908 2205 2968 terminantur.
2253 2909 2322 2968 In
2371 2909 2546 2969 cuius
2596 2909 2683 2969 rei
2729 2910 3097 2970 memoriam
3131 2918 3191 2968 et

626 3017 1049 3077 testimonium
1098 3037 1175 3077 ac
1220 3024 1590 3096 perpetuam
1638 3016 2013 3091 firmitatem,
2083 3017 2478 3094 presentibus
2525 3017 2730 3096 sigilla
2777 3027 2991 3078 nostra
3038 3036 3188 3077 una-

628 3144 770 3184 cum
818 3125 1305 3203 appensionibus
1367 3125 1708 3204 sigillorum
1782 3125 2124 3184 eorundem
2192 3124 2494 3201 Stephani
2567 3125 2810 3184 comitis
2879 3125 3190 3185 terrestris

628 3233 910 3291 moderni
984 3241 1046 3291 et
1112 3233 1289 3291 Pauli
1358 3231 1592 3311 magni,
1666 3231 1819 3289 alias
1886 3230 2166 3290 similiter
2235 3230 2478 3290 comitis
2525 3232 2834 3291 terrestris
2883 3232 3189 3310 pretaxati

627 3339 854 3417 Campi
923 3339 1367 3419 Zagrabiensis
1415 3358 1527 3417 pro
1590 3338 1811 3398 maiori
1858 3338 1945 3397 rei
1996 3338 2322 3397 evidencia
2391 3340 2822 3416 appendendO,
2889 3338 3187 3417 pariaque

627 3448 971 3507 litterarum
1048 3455 1403 3506 nostrarum
1479 3446 1873 3525 presencium
1951 3445 2431 3525 privilegialium
2508 3446 2624 3505 sub
2703 3445 3187 3523 appensionibus

628 3555 969 3615 eorundem
1040 3553 1385 3634 sigillorum
1454 3554 1813 3614 memoratis
1886 3554 2209 3631 Stephano
2281 3553 2487 3613 comiti
2557 3553 2836 3613 terrestri
2913 3562 2976 3612 et
3052 3552 3187 3611 aliis

626 3662 914 3742 superius
962 3662 1259 3741 sepefatis
1309 3661 1597 3722 duximus
1644 3662 2065 3721 concedenda.
2114 3662 2347 3720 Datum
2393 3662 2549 3721 feria
2596 3661 2872 3720 secunda
2904 3660 3188 3738 proxima

624 3779 767 3849 post
811 3771 1041 3830 festum
1086 3771 1255 3831 beati
1303 3769 1557 3829 Martini
1604 3768 1884 3847 episcopi
1930 3776 1993 3827 et
2040 3768 2433 3842 confessoriS,
2483 3787 2648 3828 anno
2696 3767 2930 3828 domini
2994 3766 3185 3827 mille-

625 3878 783 3938 simo
831 3877 1451 3957 quadringentesimo
1498 3876 1806 3956 vigesimo
1853 3876 2086 3955 quinto,
2385 3882 2390 3887 ’

840 4034 1124 4103 originale
1146 4035 1591 4102 membraneum,
1614 4035 1855 4102 quatuor
1874 4049 2054 4088 zonae
2074 4032 2286 4087 sericae
2310 4033 2514 4087 rubrae
2535 4032 2871 4102 appendent,
2891 4048 2928 4085 a
2947 4047 3180 4099 quarum

621 4124 807 4195 prima
844 4128 900 4179 et
936 4124 1185 4178 secunda
1240 4124 1505 4193 capsulae
1560 4139 1758 4177 cereae
1814 4139 1942 4176 cum
1989 4122 2360 4191 impressione
2415 4122 2726 4190 sigillorum
2776 4121 2928 4175 haud
2990 4120 3186 4173 distin-

622 4214 863 4283 gvibiliS,
900 4215 961 4269 in
998 4214 1230 4268 secundi
1270 4214 1435 4281 sigilli
1475 4213 1843 4282 appressione
1869 4211 2226 4281 distingvitur
2245 4213 2430 4267 solum
2457 4215 2676 4265 scutum
2705 4216 2760 4266 et
2786 4212 3027 4279 quedam
3067 4210 3183 4262 ille-

620 4305 773 4371 gibili
812 4304 1272 4372 circumscriptio,
1313 4300 1474 4356 tertia
1510 4318 1656 4356 zona
1693 4306 1779 4357 est
1816 4302 2028 4369 absque
2066 4302 2270 4369 sigillo,
2309 4318 2344 4356 a
2383 4305 2582 4370 quarta
2625 4304 2814 4354 autem
2854 4300 2912 4353 in
2951 4316 3182 4368 appres-

622 4393 784 4447 sione
841 4392 1006 4460 sigilli
1064 4392 1255 4461 biceps
1317 4392 1529 4460 aquila,
1580 4407 1751 4461 supra
1808 4407 1979 4459 quam
2017 4391 2180 4445 stella
2218 4390 2605 4458 sexangularis
2640 4391 2830 4460 posita
2866 4388 3080 4443 visitur.
3119 4391 3180 4444 In

621 4482 766 4537 cista
800 4482 1223 4537 communitatis
1261 4482 1538 4537 nobilium
1579 4482 1648 4535 de
1686 4482 1848 4535 infer.
1888 4480 2178 4536 Lomnica.

841 4644 857 4675 ¹
896 4643 993 4699 sic.
1073 4644 1093 4673 ²
1125 4644 1209 4697 sic
1284 4642 1305 4674 ⁸
1343 4644 1439 4698 sic.
1518 4645 1537 4673 ⁴
1575 4644 1670 4698 sic.
1744 4644 1762 4672 ⁵
1800 4641 1896 4697 sic.
