3917 5592
3006 480 3136 543 245

785 689 1072 761 Originale
1121 692 1568 759 membraneum,
1608 706 1644 745 a
1683 706 1828 745 zona
1871 690 2089 746 sericea
2125 690 2275 745 rubri
2316 694 2374 745 et
2408 690 2607 745 viridis
2666 690 2873 745 coloris
2928 693 3138 761 pendet

572 781 946 850 fragmentum
986 780 1264 850 dupplicis
1301 780 1484 849 sigilli.
1524 778 1586 833 In
1625 780 1860 835 archivo
1899 796 2184 835 commun.
2226 781 2354 835 nob.
2394 780 2463 834 de
2502 780 2821 849 Turopolje.
2886 811 2913 817 —
2970 781 3131 835 Palu·

529 886 532 889 ·
569 885 714 941 «μγ
753 871 914 940 lmre,
955 870 1248 925 Tui-mezo.
1288 871 1419 925 Pest
1459 868 1617 925 1848.
1655 886 1779 941 pag.
1817 869 1904 925 35.

789 1050 804 1077 ¹
843 1049 940 1103 sic.

1746 1349 1960 1419 23⁵.

782 1552 972 1611 Anno
1028 1548 1213 1611 1436.
1263 1548 1322 1611 9.
1369 1550 1682 1611 februarii.

577 1762 1083 1848 Sigismundus
1128 1761 1549 1847 Hunguriae
1594 1765 1714 1827 ete.
1759 1782 1898 1839 rex,
1956 1763 2405 1848 privilegium
2470 1763 2795 1829 Ladiszai
2846 1764 3131 1849 Hungu-

578 1870 730 1934 rioee
771 1873 890 1935 ete.
935 1871 1126 1952 req-is
1171 1890 1232 1935 a.
1278 1882 1461 1951 1279.
1511 1872 1618 1936 26.
1663 1871 1845 1934 maii
1898 1873 2322 1947 emanatum,
2368 1891 2498 1955 quo
2552 1870 2900 1935 libertates
2946 1870 3133 1939 nobi-

569 1978 745 2041 lium
795 1976 1248 2063 iabagionum
1297 1976 1380 2041 de
1431 1976 1690 2062 Campo
1753 1976 2216 2062 Zagrabiensi
2253 1981 2384 2060 per
2442 1977 2816 2042 Nicolaum
2876 1976 3135 2043 bunum

569 2085 786 2148 totius
817 2084 1230 2149 Sclauom'ae
1275 2104 1336 2148 a.
1381 2083 1566 2166 1278.
1617 2086 2010 2168 consriptae
2071 2083 2601 2169 confirmantur,
2655 2089 2890 2150 ratum
2923 2083 3135 2151 habet.

782 2302 1222 2381 sigismundus
1271 2302 1372 2360 dei
1418 2299 1636 2380 gracia
1681 2302 2103 2361 Romanorum
2136 2302 2472 2379 imperator
2518 2320 2769 2380 semper
2802 2302 3129 2381 Augustus

573 2428 648 2469 ac
719 2409 1062 2489 Hungarie‚
1125 2408 1446 2482 Bohemie‚
1511 2408 1852 2481 Dalmacie,
1917 2407 2202 2482 Croacie,
2282 2410 2495 2481 Rame,
2558 2408 2794 2482 Seriue,
2858 2408 3135 2481 Gallicie,

576 2516 964 2589 Lodomerie,
1013 2514 1340 2589 Comanie‚
1387 2514 1808 2594 Bulgarieque
1856 2534 1984 2590 rex,
2048 2515 2336 2575 omnibus
2384 2514 2617 2575 Christi
2662 2515 2949 2574 fidelibus
2997 2531 3136 2593 pre-

577 2626 856 2687 sentibus
903 2626 1136 2704 pariter
1187 2634 1251 2685 et
1307 2624 1530 2684 futuris
1577 2642 1838 2703 presens
1885 2624 2154 2701 sciptum
2200 2622 2569 2701 inspecturis
2615 2624 2881 2683 salutem
2929 2623 2991 2681 in
3039 2640 3135 2681 sa-

577 2732 720 2791 lutis
769 2732 1082 2811 largitore.
1131 2730 1410 2791 Cesaree
1459 2738 1648 2809 atque
1695 2730 1894 2811 regali
1939 2729 2303 2791 sublimitati
2350 2728 2642 2791 convenit
2690 2729 2881 2809 dig-ne
2926 2727 3132 2809 provi-

576 2840 742 2914 dere,
789 2848 860 2899 ut
903 2838 1002 2899 sui
1047 2838 1266 2901 fideles
1324 2837 1559 2898 subditi
1606 2846 1775 2898 certa
1825 2839 2149 2917 gaudeant
2211 2838 2355 2917 lege
2400 2845 2466 2897 et
2512 2836 2813 2897 distinctis
2879 2844 3133 2897 utantur

571 2946 959 3006 libertatibus
995 2947 1124 3005 -sub
1186 2944 1491 3025 regimine
1556 2945 1850 3023 principis
1898 2945 2171 3025 gloriosi,
2220 2953 2282 3004 et
2328 2964 2367 3005 a
2414 2944 2544 3003 suis
2608 2944 2767 3003 divis
2834 2944 3133 3022 pedeces-

571 3054 822 3113 soribus
869 3072 1172 3113 concesse
1217 3053 1536 3113 libertates
1599 3052 1930 3114 immobilis
1994 3052 2474 3130 perseverancie
2538 3051 2862 3111 obtineant
2926 3051 3133 3111 firma-

577 3168 874 3219 mentum.
939 3159 1209 3219 Proinde
1257 3159 1339 3219 ad
1399 3158 1836 3221 universorum
1881 3168 2011 3221 tam
2074 3159 2470 3237 presencium
2532 3177 2719 3236 quam
2783 3158 3133 3218 futurorum

578 3266 872 3327 noticiam
919 3266 1142 3327 harum
1189 3264 1352 3325 serie
1399 3265 1686 3325 volumus
1732 3265 2081 3343 pervenire,
2130 3266 2298 3343 quod
2332 3264 2657 3325 venientes
2705 3274 2914 3325 nostre
2962 3282 3130 3325 sere-

575 3373 785 3433 nitatis
831 3373 894 3432 in
941 3380 1366 3450 conspectum,
1431 3372 1649 3433 fideles
1697 3372 1891 3431 nostri
1953 3372 2313 3450 Stephanus
2360 3372 2522 3431 filius
2569 3372 2787 3445 Pethk,
2836 3390 3133 3449 supauuS,

577 3489 640 3539 et
687 3481 844 3540 alter
869 3480 1226 3558 Stephanus
1259 3479 1421 3541 filius
1457 3480 1674 3554 Marci,
1720 3479 1958 3539 nobiles
1992 3479 2361 3559 iobagiones
2394 3487 2748 3539 castrenses
2781 3479 2858 3537 de
2889 3478 3134 3557 Campo

575 3586 1005 3665 Zagrabiensi,
1055 3587 1118 3646 in
1163 3586 1442 3664 ipsorum
1489 3604 1564 3645 ac
1611 3586 2046 3647 universorum
2096 3595 2159 3645 et
2220 3586 2611 3665 singulorum
2644 3558 2992 3645 ceterorum
3024 3604 3131 3645 no-

578 3693 791 3753 bilium
855 3693 1266 3753 castrensium
1330 3693 1410 3751 de
1471 3692 1694 3754 eodem
1765 3691 2011 3769 Campo
2076 3692 2490 3771 Zagrabiensi
2552 3692 2905 3751 nominibus
2964 3701 3025 3751 et
3072 3692 3133 3751 in

578 3798 880 3877 personiS,
946 3798 1358 3859 exhibuerunt
1405 3806 1468 3858 et
1511 3807 1950 3877 presentarunt
2011 3798 2191 3859 nobis
2238 3800 2544 3877 quasdam
2592 3799 2825 3859 litteras
2887 3798 3133 3876 privile-

580 3906 781 3985 giales
829 3906 1094 3965 condam
1143 3905 1334 3967 incliti
1380 3905 1674 3984 principis
1721 3906 1954 3965 domini
2002 3906 2281 3965 Ladizlai
2328 3906 2497 3985 regis
2545 3905 2889 3984 Hungarie,
2937 3905 3134 3964 felicis

581 4012 901 4083 memorie,
950 4013 1414 4090 predecessoris
1447 4013 1660 4086 nostri,
1709 4031 1824 4072 suo
1873 4011 2145 4090 dupplici
2178 4012 2489 4073 autentico
2527 4012 2729 4091 sigillo
2778 4012 3135 4090 impendenti

583 4119 1015 4185 communitas,
1079 4126 1328 4181 tenores
1393 4128 1454 4178 et
1527 4119 1950 4179 continencias
1999 4119 2391 4198 quarundam
2456 4119 2797 4179 litterarum
2866 4120 3133 4181 condam

577 4226 820 4285 Nicolai
865 4226 1028 4285 bani
1075 4226 1277 4287 tocius
1325 4227 1505 4304 regni
1568 4227 1900 4286 Sclauonie
1949 4245 2140 4304 super
2200 4226 2575 4305 quibusdam
2639 4226 3025 4287 libertatibus
3072 4235 3133 4285 et

575 4332 992 4412 prerogativis
1039 4334 1382 4392 eorundem
1429 4333 1722 4393 nobilium
1771 4333 2178 4412 iobagionum
2227 4334 2667 4407 confectarum,
2702 4334 3131 4393 confirmative

577 4439 638 4497 in
687 4458 756 4497 se
806 4438 1212 4512 continenteS,
1271 4438 1512 4498 tenoris
1573 4439 1965 4516 infrascripti,
2038 4440 2459 4518 supplicantes
2525 4441 2803 4500 annotati
2868 4449 3129 4517 uterque

576 4545 934 4622 Stephanus
981 4552 1194 4603 nostro
1242 4544 1493 4605 culmini
1540 4545 1752 4605 humili
1799 4564 1987 4623 prece
2035 4554 2097 4605 et
2144 4548 2391 4619 devota,
2458 4555 2527 4605 ut
2572 4548 2831 4606 easdem
2896 4546 3131 4605 litteras

585 4652 864 4711 annotati
927 4652 1196 4711 condam
1267 4651 1544 4711 Ladizlaj
1609 4652 1778 4731 reg-is
1843 4660 2031 4725 rataS,
2094 4662 2309 4732 gratas
2376 4662 2439 4713 et
2484 4662 2778 4731 acceptas
2840 4654 3132 4713 habendo

579 4758 932 4834 nostrisque
999 4758 1216 4817 litteris
1273 4758 1554 4820 similiter
1619 4758 2109 4837 privilegialibus
2174 4760 2291 4819 sub
2338 4761 2641 4821 moderno
2702 4780 2869 4819 novo
2916 4768 3133 4819 nostro

575 4864 765 4921 modo
833 4862 1014 4921 simili
1079 4863 1346 4940 dupplici
1411 4866 1723 4923 autentico
1791 4864 2011 4943 sigillo,
2070 4884 2195 4942 quo
2243 4876 2311 4925 ut
2360 4886 2464 4925 rex
2526 4866 2855 4945 Hungarie
2904 4865 3135 4925 utimur

577 4968 964 5039 emanandiS,
1011 4968 1389 5027 verbotenus
1437 4970 1625 5029 inseri
1673 4970 1978 5043 faciendo,
2026 4990 2140 5049 pro
2188 4972 2425 5032 eisdem
2474 4990 2549 5031 ac
2598 4991 2815 5031 eorum
2865 4973 3131 5049 posteris
