3917 5592
3016 503 3027 524 ε
3042 469 3177 540 369

630 695 832 755 eunde
881 695 1106 756 exinde
1172 696 1252 754 ad
1315 714 1430 754 nos
1489 694 1726 754 reversi
1789 702 1852 754 et
1912 713 2025 772 per
2086 713 2201 753 nos
2264 693 2595 774 diligenter
2664 689 2956 771 requisiti,
3004 691 3183 755 nobis

625 803 1016 863 concorditer
1062 822 1137 862 eo
1185 803 1372 862 modo
1403 804 1744 862 retulerunt
1775 800 2110 880 fidedigne,
2158 809 2226 860 ut
2254 800 2370 878 ipsi
2401 799 2557 860 feria
2589 800 2869 860 secunda
2898 802 3183 879 proxima

622 920 767 971 ante
814 911 1038 972 festum
1088 911 1272 970 beate
1321 929 1570 988 semper
1618 909 1880 990 virginis
1926 908 2129 968 Marie
2178 909 2256 968 de
2304 907 2466 982 niue,
2514 927 2679 967 nune
2726 907 3005 968 similiter
3034 929 3174 988 pro-

619 1019 784 1078 xime
829 1018 1209 1096 preteritum,
1259 1025 1322 1076 et
1354 1017 1487 1076 aliis
1535 1016 1756 1076 diebus
1791 1018 1870 1076 ad
1918 1016 1983 1076 id
2031 1015 2191 1094 aptis
2239 1023 2303 1076 et
2333 1014 2801 1088 sufficientibuS,
2851 1016 2931 1075 ad
2978 1016 3171 1078 facies

615 1125 896 1185 totalium
944 1125 1415 1204 possessionum
1463 1132 1526 1183 et
1571 1122 1934 1202 porcionum
1968 1121 2607 1201 possessionariarum
2637 1122 2865 1200 prefati
2908 1124 3175 1184 condam

616 1231 910 1312 Gregorii
971 1231 1382 1308 Kathowych,
1430 1231 1624 1309 patris
1681 1230 1874 1308 ipsius
1941 1230 2209 1290 condam
2277 1229 2525 1291 domine
2588 1229 2853 1309 Agnetis
2904 1238 2965 1290 et
3012 1231 3174 1292 dicte

617 1339 867 1399 domine
895 1339 1322 1418 Margarethe,
1369 1338 1431 1397 in
1478 1338 1758 1417 predicta
1790 1339 2000 1397 Losan
2034 1345 2096 1396 et
2128 1337 2263 1397 eius
2295 1335 2603 1396 territorio
2652 1355 2727 1396 ac
2774 1337 3173 1416 pertinenciis

621 1456 682 1508 et
730 1448 884 1508 alias
931 1446 1134 1507 ubivis
1164 1446 1518 1507 habitarum
1566 1452 1629 1505 et
1675 1445 2100 1518 existencium,
2149 1443 2370 1523 quovis
2402 1443 2669 1503 nominis
2716 1443 3023 1505 vocabulo
3070 1465 3178 1506 vo-

621 1556 966 1629 citatarum,
1014 1554 1234 1614 vicinis
1282 1563 1344 1614 et
1391 1552 1846 1614 commetaneis·
1885 1572 2104 1613 earum
2150 1551 2459 1612 universis
2490 1551 2639 1611 inibi
2684 1551 2986 1632 legittime
3033 1569 3178 1613 con-

618 1663 858 1722 vocatis
922 1670 986 1722 et
1034 1661 1426 1740 presentibus
1462 1669 1879 1734 accesserunt,
1928 1667 1991 1720 et
2035 1660 2235 1738 primo
2270 1677 2457 1719 unam
2492 1659 2837 1719 sessionem
2870 1659 3182 1720 avaticam

621 1790 762 1830 eum
811 1769 970 1830 silva
1014 1770 1184 1849 wlgo
1232 1769 1373 1846 Gay
1422 1769 1605 1843 dicta,
1656 1769 1735 1827 ad
1784 1769 2048 1828 eandem
2114 1767 2461 1828 sessionem
2508 1765 2819 1826 avaticam
2866 1767 3175 1845 pertinen-

620 1885 746 1938 tem
795 1877 857 1936 in
902 1877 1146 1955 prefata
1191 1878 1419 1951 Losan,
1487 1877 1647 1936 intra
1712 1877 1943 1937 siccam
2009 1877 2413 1954 Lypnyczam
2462 1875 2540 1934 ab
2588 1875 2842 1949 oriente,
2907 1883 2969 1934 et
3014 1875 3177 1935 intra

620 1995 852 2046 terram
899 1984 1306 2044 sessionalem
1369 1985 1622 2061 Endrey
1668 1984 1776 2044 filii
1840 1983 2102 2064 Georgii
2147 1982 2551 2059 Duczowych
2612 1982 2758 2042 dicti
2806 1991 2867 2042 et
2911 1983 3173 2043 fratrum
3252 2029 3263 2042 .

621 2112 872 2152 suorum
924 2112 960 2153 a
1007 2093 1370 2168 meridione‚
1417 2113 1492 2152 ac
1538 2093 1700 2153 intra
1746 2092 1913 2152 viam
1961 2111 2358 2152 communem
2406 2092 2485 2150 ab
2533 2091 2873 2164 occidente,
2921 2099 2984 2150 et
3013 2090 3174 2151 intra

621 2209 852 2261 terram
901 2201 1310 2261 sessionalem
1355 2201 1710 2264 Sebastiani
1767 2200 1876 2261 filii
1925 2201 2192 2260 condam
2256 2199 2556 2278 Stephani
2606 2199 2685 2258 de
2752 2199 2918 2258 dicta
2964 2199 3175 2259 Losan

626 2329 665 2370 a
711 2309 1153 2387 septemtrione
1214 2308 1511 2382 habitam,
1576 2317 1704 2368 tres
1769 2307 2190 2368 dimensiones
2251 2308 2422 2387 wlgo
2480 2306 2693 2383 methy
2753 2306 2951 2366 dietas
2996 2306 3060 2366 in
3108 2326 3177 2367 se

621 2416 1071 2491 continentem3
1120 2416 1265 2476 item
1316 2416 1500 2476 aliam
1533 2415 1880 2476 sessionem
1928 2415 2156 2475 ibidem
2191 2433 2403 2493 prope,
2450 2413 2613 2474 intra
2658 2413 3006 2474 sessionem
3051 2416 3178 2474 Va·

621 2524 834 2584 lentini
879 2524 986 2583 filii
1032 2524 1324 2584 Damiani
1372 2524 1450 2583 de
1517 2525 1740 2584 eadem
1798 2525 2009 2584 Losan
2073 2523 2151 2582 ab
2200 2521 2455 2596 oriente,
2504 2529 2567 2582 et
2609 2520 2771 2581 inter
2831 2520 3177 2582 sessionem

622 2631 882 2712 Georgii
927 2626 1246 2712 previgni¹
1293 2633 1560 2692 condam
1607 2631 1784 2692 Pauli
1830 2631 1938 2690 filii
1986 2629 2133 2691 dicti
2179 2629 2471 2709 Gregorii
2515 2629 2911 2706 Kathowych
2960 2649 2998 2690 a
3042 2649 3173 2690 me·

624 2739 880 2814 ridione,
949 2745 1012 2798 et
1055 2739 1218 2799 intra
1281 2739 1449 2800 viam
1520 2758 1918 2799 communem
1982 2739 2061 2798 ab
2124 2736 2447 2797 occidente
2514 2743 2577 2796 et
2638 2756 2677 2797 a
2736 2736 3181 2814 septemtrione

621 2848 790 2922 sitaS,
836 2848 1115 2908 habitam
1163 2855 1225 2907 et
1271 2846 1656 2920 existentem,
1705 2866 1896 2906 unam
1941 2865 2083 2906 cum
2132 2844 2341 2905 media
2373 2843 2759 2904 dimensione
2804 2843 2974 2924 wlgo
3006 2844 3174 2903 meth

622 2957 878 3032 dictam;
941 2956 1090 3016 item
1138 2975 1328 3015 unam
1375 2963 1608 3016 terram
1657 2953 1954 3015 arabilem
2016 2953 2080 3013 in
2129 2951 2437 3013 territorio
2485 2952 2564 3011 de
2610 2951 2891 3030 predicta
2951 2951 3179 3024 Losan,

621 3065 782 3124 intra
827 3071 1060 3124 terram
1105 3062 1388 3140 Dyonisii
1421 3063 1527 3122 filii
1576 3063 1844 3123 condam
1887 3061 2191 3140 Stephani
2223 3059 2369 3120 dieti
2400 3058 2748 3137 Vynchych
2796 3059 2874 3118 ab
2921 3057 3178 3132 oriente,

607 3182 684 3232 -et
731 3171 892 3231 intra
953 3171 1122 3231 viam
1183 3189 1580 3230 communem
1650 3190 1688 3229 a
1752 3169 2093 3230 meridione
2158 3168 2239 3228 ad
2302 3165 2633 3227 ecclesiam
2696 3165 2851 3225 sacti
2918 3165 3178 3246 Georgii

621 3279 1002 3352 tendentem,
1051 3298 1125 3338 ac
1171 3278 1333 3338 intra
1405 3285 1636 3338 terram
1695 3276 1918 3355 prefati
1978 3275 2293 3336 Valentini
2352 3274 2461 3334 filii
2506 3273 2701 3352 ipsius
2759 3272 3051 3332 Damiani
3099 3274 3176 3333 ab

622 3385 964 3459 occidente,
1013 3394 1076 3445 et
1120 3385 1281 3447 inter
1325 3394 1556 3446 terram
1603 3385 1870 3445 filiorum
1917 3403 2050 3444 sew
2097 3384 2399 3447 heredum
2447 3382 2715 3443 condam
2783 3381 3053 3442 Lwcasii
3099 3382 3178 3442 de

626 3493 802 3553 Odra
850 3511 886 3552 a
936 3492 1379 3570 septemtrione
1441 3493 1626 3553 sitam
1675 3499 1737 3552 et
1782 3491 2169 3564 existentem,
2216 3510 2406 3550 unam
2468 3509 2609 3549 cum
2671 3488 2881 3548 media
2942 3489 3176 3549 dimen-

621 3600 859 3660 sionem
889 3599 1190 3660 maiorem
1237 3601 1405 3680 wlgo
1453 3601 1622 3660 meth
1656 3600 1903 3674 dictam,
1953 3607 2016 3659 et
2062 3600 2219 3659 duas
2252 3598 2523 3658 minores
2558 3595 2977 3657 dimensiones
3007 3597 3178 3677 wlgo

621 3709 1028 3786 wodylnycze
1084 3708 1282 3768 dictas
1329 3709 1392 3768 in
1440 3727 1508 3768 se
1558 3709 2017 3782 continentem;
2066 3707 2214 3768 item
2258 3725 2447 3766 unam
2494 3713 2727 3764 terram
2775 3703 3074 3765 arabilem
3118 3704 3179 3764 in

621 3817 901 3895 predicta
946 3819 1158 3877 Losan
1207 3816 1368 3876 intra
1413 3825 1644 3876 terram
1691 3816 1914 3895 prefati
1958 3815 2221 3875 Dionisii
2269 3815 2374 3875 filii
2435 3813 2629 3893 ipsius
2675 3812 2975 3892 Stephani
3033 3810 3179 3872 dieti

621 3924 967 4000 Vynchych
1015 3925 1093 3984 ab
1142 3924 1399 3997 oriente,
1447 3931 1510 3984 et
1555 3923 1718 3983 intra
1762 3931 1962 3983 terras
2010 3922 2271 4000 predicti
2336 3923 2578 3981 Thome
2624 3920 2732 3981 filii
2778 3919 2973 3998 ipsius
3040 3919 3177 3980 Ste-

620 4032 811 4110 phani
855 4032 1197 4111 Kopozych
1247 4051 1284 4091 a
1331 4031 1670 4091 meridione
1719 4038 1781 4090 et
1828 4029 1906 4089 ab
1939 4030 2263 4090 occidente
2312 4048 2384 4088 ac
2435 4049 2472 4087 a
2518 4027 2960 4106 septemtrione
3008 4025 3179 4100 sitaS,

621 4137 899 4199 habitam
965 4147 1027 4199 et
1089 4139 1476 4212 existentem,
1534 4146 1662 4198 tres
1727 4158 1868 4199 cum
1931 4137 2143 4197 media
2208 4137 2477 4196 maiores
2540 4134 2964 4195 dimensiones
3009 4134 3178 4213 wlgo

623 4247 833 4323 methy
882 4247 1097 4322 dictaS,
1147 4254 1210 4306 et
1254 4265 1484 4306 novem
1531 4247 1807 4306 minores
1855 4245 2277 4305 dimensiones
2324 4245 2494 4323 wlgo
2540 4243 2904 4319 wdylnycze
2968 4241 3177 4320 appel-

622 4355 779 4413 latas
828 4353 889 4412 in
935 4373 1006 4414 se
1055 4353 1489 4429 continentem3
1556 4353 1704 4412 item
1769 4353 1970 4412 eciam
2018 4371 2208 4412 unam
2266 4360 2497 4411 terram
2562 4350 2860 4410 arabilem
2927 4349 3176 4430 Okrug-

621 4461 799 4536 lycza
843 4462 1012 4541 wlgo
1060 4461 1308 4536 dictam,
1371 4461 1434 4520 in
1482 4461 1704 4521 eadem
1767 4461 2015 4534 stan,
2078 4459 2241 4518 intra
2286 4466 2514 4518 terram
2577 4456 2876 4517 Demetrii
2923 4457 3177 4516 Pether-

623 4567 926 4644 chewych
972 4568 1050 4627 ab
1099 4568 1353 4642 oriente,
1403 4577 1466 4628 et
1511 4569 1674 4628 intra
1719 4577 1950 4627 terram
1998 4566 2221 4644 prefati
2283 4565 2595 4625 Valentini
2640 4565 2750 4624 filii
2793 4564 2987 4643 ipsius
3054 4565 3176 4624 Da-

621 4674 812 4734 miani
859 4695 898 4734 a
943 4675 1304 4750 meridione‚
1353 4695 1428 4735 ac
1475 4675 1636 4735 intra
1682 4675 1852 4734 viam
1898 4693 2296 4734 communem
2363 4672 2442 4732 ab
2507 4672 2846 4745 occidente,
2911 4679 2973 4731 et
3020 4671 3179 4731 intra

621 4782 937 4860 quandam
1015 4783 1241 4842 vallem
1313 4802 1350 4842 a
1419 4783 1860 4861 septemtrione
1932 4781 2211 4841 habitam
2283 4790 2346 4840 et
2415 4780 2809 4853 existentem,
2888 4778 3177 4838 undecim

621 4889 893 4950 maiores
941 4889 1362 4950 dimensiones
1424 4892 1593 4971 wlgo
1655 4891 1868 4967 methy
1934 4890 2151 4962 dietaS,
2219 4897 2283 4948 et
2328 4888 2547 4948 decem
2608 4887 2880 4946 minores
2943 4886 3177 4947 dimen-

621 4996 832 5064 siones
883 4998 1047 5086 wlgo
1095 4993 1535 5082 wodylnycze²
1565 4999 1763 5064 dictas
1811 4999 1873 5062 in
1921 5017 1991 5062 se
2040 4996 2489 5076 continentem5
2536 4994 2685 5058 item
2716 4995 2875 5056 ultra
2919 4994 3179 5054 fluvium

2968 5113 3039 5179 24
