3917 5592
709 458 839 520 230

702 693 815 752 pro
846 675 1143 735 tribunali
1174 675 1537 735 sedentibus
1570 674 1932 748 iudicanteS,
1967 673 2410 733 commiserant
2439 673 2546 761 tali
2573 674 2776 747 mod0‚
2809 680 2878 732 ut
2899 671 3267 749 iobagiones

706 782 897 841 nostri
944 782 1247 863 fidedigni
1294 783 1371 843 de
1420 782 1559 861 ipsa
1604 783 1755 842 sede
1804 790 2021 841 nostra
2067 781 2390 841 iudiciaria
2438 782 2519 841 ad
2565 781 2759 841 facies
2805 782 3084 859 ipsarum
3116 800 3264 860 pos-

704 889 1055 949 sessionum
1104 898 1167 950 et
1211 890 1577 970 porcionum
1622 888 2262 969 possessionariarum
2319 887 2732 969 litigiosarum
2779 889 3056 967 ipsarum
3121 906 3262 967 par-

702 996 867 1057 cium
915 999 1217 1058 accedere
1264 998 1623 1058 necessario
1670 997 2050 1071 debuissent,
2085 1003 2146 1056 et
2174 997 2406 1070 videre,
2438 1016 2562 1076 que
2609 998 2952 1057 earundem
2983 995 3262 1075 parcium

704 1104 764 1164 in
812 1112 985 1165 recta
1031 1113 1095 1165 et
1126 1103 1333 1184 equali
1380 1104 1683 1165 divisione
1731 1104 2037 1167 dictarum
2078 1103 2546 1183 possessionum
2595 1112 2658 1164 et
2702 1103 3068 1183 porcionurn
3122 1121 3264 1181 pos-

702 1212 1221 1273 sessionariarum
1275 1212 1687 1292 litigiosarum
1742 1220 2157 1291 permaneret,
2207 1220 2270 1272 et
2323 1232 2444 1291 que
2499 1212 2776 1291 ipsarum
2841 1212 2905 1272 in
2967 1211 3260 1290 porcione

702 1340 820 1380 sua
851 1329 1024 1380 recta
1070 1328 1133 1381 et
1161 1321 1365 1400 equali
1395 1321 1613 1381 nolens
1662 1319 2026 1393 contentari,
2073 1319 2376 1380 maiorem
2423 1328 2487 1379 et
2522 1319 2878 1399 inequalem
2910 1318 3261 1397 possideret

699 1438 763 1489 et
806 1436 1304 1508 prosequeretur,
1372 1428 1512 1488 talis
1558 1447 1707 1507 pars
1756 1437 1973 1487 contra
2037 1426 2223 1487 aliam
2285 1436 2529 1505 partem
2575 1426 2848 1487 indebite
2893 1426 3260 1505 procedenS,

700 1535 763 1596 in
810 1536 1210 1615 possessione
1274 1555 1387 1595 seu
1450 1535 1745 1615 porcione
1795 1535 2034 1610 maiori,
2084 1536 2146 1595 in
2209 1534 2487 1616 birsagio
2542 1534 2914 1615 obligatorio
2973 1534 3038 1594 in
3085 1533 3263 1594 dictis

700 1643 892 1703 literis
940 1642 1327 1723 obligatoriis
1374 1643 1568 1721 ipsius
1615 1642 1901 1723 magistri
1932 1642 2226 1703 Iohannis
2271 1642 2530 1723 Higged
2567 1662 2884 1722 expreSSO,
2933 1642 3260 1702 convince-

703 1758 873 1811 retur
919 1759 983 1810 et
1028 1749 1315 1810 convicta
1362 1750 1656 1810 existeret
1702 1750 1839 1828 ipso
1886 1749 2086 1824 facto;
2135 1759 2197 1809 et
2244 1750 2391 1828 quia
2437 1749 2715 1828 prefatus
2763 1750 3072 1810 Iohannes
3099 1748 3260 1809 filius

701 1857 895 1937 ipsius
942 1857 1191 1918 Lucasii
1238 1876 1315 1917 ac
1360 1857 1675 1935 predictus
1736 1857 1959 1917 Petrus
2007 1856 2169 1917 filius
2233 1857 2514 1918 eiusdem
2576 1856 2886 1932 Iohannis,
2932 1856 2996 1916 in
3041 1856 3262 1917 maiori
3329 1886 3334 1889 ·

700 1967 996 2046 porcione
1044 1987 1157 2027 seu
1216 1974 1393 2045 parte
1458 1974 1564 2026 aut
1620 1966 1894 2026 dominio
1958 1966 2420 2044 sepedictarum
2481 1966 2953 2043 possessionum
3001 1972 3064 2025 et
3125 1984 3263 2043 por·

700 2076 949 2136 cionum
1028 2075 1665 2155 possessionariarum
1712 2074 2142 2154 litigiosarum,
2211 2074 2382 2152 ipsos
2429 2075 2769 2134 Iohannem
2841 2074 3131 2134 videlicet
3201 2082 3264 2133 et

699 2185 952 2244 Petrum
998 2184 1192 2244 filium
1240 2183 1521 2243 eiusdem
1556 2184 1658 2261 [et]
1695 2184 1950 2242 Petrum
2001 2181 2192 2241 filium
2248 2181 2508 2261 Georgii
2555 2189 2617 2240 et
2679 2182 3008 2259 Mathyam
3071 2181 3264 2241 filiurn

704 2290 907 2351 Marci
953 2292 1033 2351 de
1080 2290 1363 2369 sepefata
1421 2290 1653 2363 Mlaka,
1713 2288 2018 2367 equaliter
2080 2288 2621 2367 communiterque
2668 2288 3089 2369 tangencium‚
3153 2305 3266 2365 per

700 2398 1069 2479 iobagiones
1117 2406 1366 2458 nostros
1428 2397 1799 2477 fidediguos,
1865 2397 1945 2456 de
1994 2398 2144 2456 sede
2211 2404 2426 2455 nostra
2487 2395 2808 2455 iudiciaria
2870 2395 3101 2473 pluries
3149 2414 3261 2473 per

696 2526 813 2566 nos
870 2505 1207 2565 literatorie
1254 2504 1597 2564 destinatos
1645 2503 1873 2581 reperti
1920 2512 2064 2563 sunt
2113 2524 2188 2563 ex
2243 2523 2282 2563 a
2327 2513 2515 2577 cert0‚
2565 2524 2642 2563 ex
2689 2522 2766 2563 eo
2827 2522 2942 2563 nos
3007 2504 3265 2563 eosdem

702 2615 1047 2682 Iohannem
1092 2612 1287 2673 filium
1334 2612 1584 2672 Lucasii
1632 2620 1695 2671 et
1740 2612 1996 2671 Petrum
2042 2612 2236 2671 filium
2283 2631 2484 2686 suum,
2532 2620 2830 2691 tanquam
2887 2610 3127 2689 priores
3172 2610 3262 2670 in-

695 2720 999 2781 fractores
1060 2738 1173 2779 seu
1219 2727 1722 2799 transgressores
1784 2726 1953 2778 recte
2017 2726 2080 2779 et
2144 2718 2382 2797 equalis
2444 2717 2764 2779 divisionis
2827 2725 3266 2778 annotatarum

697 2827 1168 2907 possessionum
1239 2835 1301 2886 et
1372 2825 1736 2905 porcionum
1804 2825 2443 2905 possessionariarum
2535 2826 2966 2906 litigiosarum,
3034 2824 3098 2884 in
3167 2842 3261 2897 e0,

696 2933 843 3011 quia
890 2932 1209 3005 maiorem,
1256 2940 1325 2990 ut
1369 2930 1722 3009 predicitur,
1750 2931 2112 3009 porcionem
2159 2931 2466 2991 dictarum
2512 2931 2981 3009 possessionum
3013 2940 3076 2989 et
3119 2949 3259 3009 por-

700 3040 949 3099 cionum
996 3037 1633 3117 possessionariarum
1691 3036 2104 3118 litigiosarum
2165 3038 2487 3117 possidere
2555 3038 3057 3111 dinoscebantur,
3120 3056 3263 3096 cum

700 3154 913 3206 tamen
959 3144 1132 3204 iuxta
1176 3144 1419 3205 literam
1464 3144 1916 3225 privilegialem
1962 3145 2427 3225 primordialem
2473 3166 2586 3223 pro
2635 3154 2812 3223 parte
2877 3164 3139 3204 avorum
3200 3152 3263 3204 et

702 3253 1155 3331 prothavorum
1204 3252 1481 3329 ipsorum
1528 3252 1819 3312 Iohannis
1867 3261 1929 3312 et
1955 3253 2126 3313 Petri
2173 3252 2278 3312 filii
2310 3253 2441 3327 sui3
2489 3252 2638 3311 item
2669 3252 2837 3312 Petri
2865 3251 2971 3311 filii
3005 3250 3262 3331 Georgii

702 3378 775 3419 ac
842 3359 1101 3434 Mathye
1169 3358 1277 3418 filii
1340 3358 1542 3419 Marci
1611 3378 1801 3438 super
1866 3360 2104 3419 eisdem
2175 3359 2680 3438 possessionibus
2743 3368 2805 3419 et
2865 3358 3262 3437 porcionibus

701 3464 1215 3544 possessionariis
1262 3467 1606 3525 eorundem
1653 3466 2072 3544 pariformiter
2118 3466 2465 3528 confectam
2514 3467 2750 3526 dudum
2783 3475 2845 3525 et
2885 3473 3260 3538 emanatam,

703 3580 874 3632 recta
920 3579 984 3631 et
1031 3572 1235 3651 equali
1283 3572 1587 3632 divisione
1651 3574 1993 3634 earundem
2051 3573 2519 3652 possessionum
2582 3581 2644 3632 et
2690 3572 3054 3651 porcionum
3116 3590 3258 3650 pos-

705 3678 1224 3739 sessionariarum
1271 3679 1451 3757 potiri
1500 3688 1563 3739 et
1609 3681 1910 3760 gratulari
1959 3680 2308 3755 videantur,
2355 3680 2417 3739 in
2464 3680 2742 3760 birsagio
2788 3680 2850 3739 in
2913 3678 3256 3758 prescripta

705 3788 881 3848 litera
930 3787 1345 3867 obligatoriali
1392 3796 1773 3868 expressatO,
1839 3787 2129 3851 videlicet
2175 3789 2238 3848 in
2285 3788 2505 3869 viginti
2560 3788 2831 3867 quinque
2877 3788 3106 3847 marcis
3153 3788 3258 3846 de-

702 3895 1021 3956 nariorum
1082 3914 1196 3973 pro
1261 3903 1542 3976 tempore
1609 3897 2018 3972 currencium‚
2093 3906 2310 3957 contra
2376 3906 2618 3975 partem
2690 3897 3040 3969 adversam,
3109 3904 3261 3973 puta

703 4003 1015 4081 predictos
1086 4003 1341 4063 Petrum
1407 4011 1471 4064 et
1539 4004 1885 4081 Mathyam,
1953 4006 2192 4083 absque
2263 4003 2559 4081 porcione
2605 4003 2824 4063 iudicis
2897 4002 3262 4062 iudicialiter

703 4110 1129 4171 commisimus
1174 4109 1307 4169 fore
1357 4118 1762 4191 aggravatos,
1809 4112 1980 4189 quod
2027 4110 2322 4171 iudicium
2386 4119 2668 4170 nostrum
2717 4110 2918 4169 eciam
2983 4108 3261 4187 prefatus

704 4218 992 4277 dominus
1040 4219 1349 4278 Iohannes
1397 4218 1729 4295 episcopus
1776 4236 2049 4277 unacum
2095 4218 2374 4296 pluribus
2422 4218 2602 4297 regni
2648 4218 3007 4292 baronibuS,
3057 4235 3260 4277 asses-

706 4324 972 4399 soribuS,
1020 4325 1311 4385 videlicet
1356 4325 1547 4399 suiuS,
1597 4324 1844 4402 penitus
1892 4325 2300 4399 confirmavit,
2347 4332 2532 4403 prout
2579 4325 2657 4384 ab
2706 4326 2930 4384 eodem
2991 4324 3260 4383 resciare

702 4432 985 4509 poteritis
1032 4431 1165 4491 sine
1211 4430 1375 4505 fallo,
1422 4432 1591 4511 quod
1637 4431 1786 4509 quia
1838 4432 2118 4509 prefatus
2165 4432 2388 4491 Petrus
2435 4431 2596 4491 filius
2643 4431 2936 4490 Iohannis
2999 4428 3261 4508 sepelati

700 4539 779 4598 de
828 4538 1051 4599 eodem
1096 4538 1323 4599 iudicio
1370 4557 1495 4598 non
1542 4547 1870 4599 contentus
1901 4548 2133 4614 nostre,
2181 4539 2244 4598 in
2277 4540 2494 4599 sedem
2525 4537 2912 4598 iudiciariam
2941 4536 3260 4617 magnifici

700 4645 933 4707 domini
976 4645 1277 4706 Hermani
1310 4644 1487 4723 Cylie
1520 4645 1914 4726 Zagorieque
1962 4655 2078 4707 etc.
2112 4646 2353 4706 comitis
2402 4665 2477 4705 ac
2509 4645 2689 4725 regni
2734 4644 3065 4705 Sclauonie
3097 4642 3262 4709 bani.

704 4752 995 4813 videlicet
1057 4752 1120 4811 in
1185 4753 1576 4831 presenciam
1635 4754 1856 4813 nobilis
1918 4762 2105 4832 atque
2170 4752 2492 4831 prudentis
2554 4752 2670 4811 viri
2733 4750 3095 4810 Mathkonis
3156 4749 3262 4809 filii

707 4860 999 4920 Iohannis
1048 4860 1127 4921 de
1172 4860 1485 4935 MachOW,
1550 4858 1792 4921 comitis
1842 4880 1917 4920 ac
1964 4860 2236 4921 iudicum
2302 4860 2599 4921 nobilirm
2648 4858 2976 4919 comitatus
3024 4858 3262 4936 Zagra-

703 4966 936 5027 biensis
1006 4986 1523 5045 assessorumque
1586 4968 1929 5027 eorundem
1992 4967 2154 5027 dicte
2217 4966 2385 5026 sedis
2447 4960 2800 5026 iudiciaria¹
2861 4964 3122 5039 banaliS,
3183 4964 3262 5022 ad
