3917 5592
734 424 854 497 120

721 652 1226 730 possessionariis
1275 654 1580 712 metaliter
1627 661 1808 730 prout
1855 652 2011 711 infra
2061 661 2417 730 separatam
2464 661 2527 712 et
2575 642 2946 726 distinctam,
3006 641 3275 711 eandem

721 759 869 837 ipsis
916 759 1208 820 fratribus
1269 761 1586 820 heremitis
1635 768 1696 820 et
1744 780 1960 819 eorum
2002 760 2267 820 ecclesie
2334 761 2465 820 iure
2515 759 2665 838 ipsis
2712 760 3097 820 incumbenti
3144 778 3281 838 per-

720 875 909 945 petuo
955 869 1416 945 possidendam,
1465 870 1799 927 tenendam
1848 869 2082 947 pariter
2116 878 2179 927 et
2206 868 2562 928 habendam
2611 867 2975 928 statuissent
3008 876 3071 927 et
3102 867 3280 927 relin-

721 976 1000 1053 quissent
1048 976 1214 1035 nullo
1245 976 1490 1054 penitus
1538 976 1686 1035 inibi
1733 976 2187 1036 contradictore
2224 984 2585 1055 apparente.
2636 974 2833 1035 Cuius
2867 976 3070 1053 prima
3116 983 3283 1035 meta

719 1082 1110 1160 inciperetur,
1173 1092 1358 1161 prout
1403 1084 1580 1142 nobis
1630 1084 1817 1143 iidem
1878 1093 2090 1143 vester
2140 1094 2201 1144 et
2249 1093 2460 1143 noster
2513 1084 2797 1143 homines
2846 1093 3141 1142 oretenus
3188 1102 3280 1142 re-

721 1192 991 1250 tulerunt
1019 1199 1081 1249 et
1113 1190 1173 1248 in
1209 1190 1450 1269 seriptis
1486 1200 1866 1268 aportarunt,
1915 1192 1978 1250 in
2010 1192 2285 1269 quadam
2333 1191 2555 1250 arbore
2589 1190 2768 1250 narfa
2816 1209 3000 1250 cruce
3033 1190 3279 1270 signata

725 1316 761 1355 a
809 1305 984 1374 parte
1017 1297 1523 1376 septemtrionali,
1575 1297 1653 1357 ab
1685 1298 1829 1357 inde
1880 1299 2236 1358 flecteretur
2269 1299 2350 1358 ad
2378 1300 2635 1379 plagam
2681 1298 3046 1358 orientalem
3075 1299 3283 1357 eundo

722 1404 1113 1483 peruenisset
1171 1406 1233 1465 in
1296 1406 1562 1466 riuulum
1632 1407 2133 1466 Wrbouamlaka
2201 1407 2452 1479 dictum,
2523 1426 2635 1485 per
2704 1426 2891 1486 quem
2960 1407 3166 1467 eundo
3220 1406 3282 1465 in

724 1531 956 1592 magno
1003 1514 1218 1591 spacio
1267 1515 1518 1573 caderet
1565 1514 1628 1571 in
1673 1515 1932 1573 fluuium
1986 1514 2327 1591 Koznycha
2374 1523 2682 1589 vocatum,
2746 1524 2809 1574 et
2854 1534 2966 1592 per
3014 1514 3281 1574 eundem

719 1621 978 1679 fluuium
1024 1621 1308 1681 tenderet
1355 1621 1416 1681 in
1466 1642 1698 1701 magno
1764 1622 1978 1699 spacio
2027 1631 2088 1681 et
2136 1623 2527 1700 peruenisset
2590 1623 2671 1681 ad
2736 1624 3024 1682 arborem
3078 1622 3283 1682 sumfa

723 1722 1044 1788 vocatum²
1077 1729 1240 1788 circa
1287 1737 1486 1789 metas
1533 1729 1946 1807 possessionis
1984 1730 2320 1805 Benedicti,
2367 1730 2666 1807 Stephani
2698 1730 2965 1789 filiorum
3013 1728 3279 1803 Lucasii,

721 1836 927 1914 ibique
977 1845 1145 1896 esset
1197 1845 1366 1896 meta
1413 1846 1634 1911 terrea,
1699 1838 1776 1896 ab
1827 1838 1969 1897 hinc
2029 1838 2263 1897 directe
2313 1839 2394 1898 ad
2442 1838 2764 1897 meridiem
2828 1826 2945 1915 per'
2987 1856 3280 1915 campum

721 1943 994 2003 venisset
1041 1945 1122 2003 ad
1169 1954 1401 2004 metam
1448 1953 1735 2019 terream,
1801 1953 1864 2004 et
1909 1963 2023 2023 per
2070 1944 2338 2003 eundern
2403 1963 2695 2023 campum
2743 1944 2975 2004 directe
3026 1946 3108 2005 ad
3153 1964 3280 2005 me-

720 2052 935 2112 ridiem
984 2053 1375 2130 peruenisset
1423 2054 1502 2113 ad
1549 2049 1900 2131 quendam⁸
1953 2053 2243 2113 arborem
2290 2054 2511 2112 harazt
2555 2062 2735 2113 meta·
2770 2060 2977 2114 terrea
3025 2054 3281 2113 circum-

715 2159 939 2233 fusam,
986 2159 1210 2220 deinde
1258 2161 1846 2221 circumflecteretur
1894 2162 1975 2220 ad
2022 2161 2339 2239 quandam
2388 2161 2553 2220 viam
2588 2168 2649 2219 et
2682 2161 2936 2220 caderet
2980 2161 3043 2220 in
3092 2161 3279 2221 aliam

716 2286 1014 2346 magnam
1065 2268 1246 2341 viam,
1295 2268 1398 2327 vbi
1446 2268 1724 2347 iungitur
1770 2268 1951 2327 metis
2001 2268 2267 2328 filiorum
2316 2268 2443 2328 Ielk
2476 2268 2554 2328 de
2585 2267 2881 2344 Gorycha
2927 2268 3134 2347 ibique
3184 2276 3279 2327 est

719 2384 888 2435 meta
933 2384 1156 2449 terrea,
1228 2386 1290 2434 et
1334 2396 1448 2454 per
1496 2377 1762 2436 eandem
1811 2396 2110 2456 magnam
2173 2377 2340 2436 viam
2393 2377 2471 2435 ad
2518 2376 2843 2437 meridiem
2892 2377 3281 2454 peruenisset

723 2484 802 2542 ad
852 2483 1138 2543 arborem
1186 2484 1354 2560 pomi
1403 2482 1703 2543 siluestris
1753 2503 1936 2543 cruce
1986 2484 2301 2563 signatam
2362 2493 2533 2543 meta
2578 2494 2783 2543 terrea
2831 2483 3285 2557 circumfusam,

725 2591 801 2650 ab
850 2591 992 2651 hinc
1037 2591 1270 2651 directe
1318 2610 1430 2669 per
1477 2592 1745 2651 eandem
1781 2592 1947 2651 viam
1996 2592 2389 2669 peruenisset
2422 2591 2502 2650 ad
2534 2591 2821 2650 arborem
2868 2591 3048 2651 narfa
3096 2610 3279 2652 cruce

723 2698 1053 2777 signatam,
1103 2698 1326 2758 deinde
1375 2699 1606 2758 directe
1655 2698 2003 2758 transiisset
2050 2718 2162 2776 per
2208 2698 2523 2757 modicum
2572 2699 2855 2775 spacium
2902 2706 2965 2757 et
3012 2698 3287 2758 venisset

726 2806 804 2863 ad
853 2806 1141 2865 arborem
1188 2805 1352 2882 zylfa
1401 2815 1688 2865 vocatam
1755 2826 1939 2865 cruce
1989 2806 2304 2885 signatam
2351 2814 2520 2865 meta
2575 2814 2783 2864 terrea
2830 2805 3287 2875 circumfusam,

724 2914 802 2973 ab
851 2914 994 2973 inde
1043 2914 1275 2973 directe
1324 2915 1528 2973 eundo
1576 2914 1870 2973 intrasset
1917 2914 1979 2973 in
2028 2914 2289 2973 fluuium
2335 2914 2645 2990 Zyuynna
2692 2921 3002 2988 vocatum,
3069 2922 3131 2973 et
3177 2932 3289 2991 per

723 3023 989 3082 eundem
1061 3022 1318 3081 fluuium
1387 3022 1694 3099 Zyuynna
1740 3042 1960 3082 versus
2032 3022 2420 3081 occidentem
2494 3040 2607 3099 per
2672 3022 2932 3099 longum
3006 3022 3287 3100 spacium

720 3129 1078 3189 deuenisset
1125 3131 1205 3189 ad
1254 3131 1539 3189 arborem
1571 3129 1750 3189 narfa
1797 3148 1981 3189 eruce
2014 3130 2346 3209 signatam,
2396 3128 2620 3187 deinde
2670 3128 2794 3187 exit
2838 3129 2919 3187 ad
2966 3129 3283 3205 quandam

722 3245 954 3297 metam
1023 3247 1310 3311 terream,
1383 3238 1460 3296 ab
1509 3238 1652 3296 hinc
1720 3237 2007 3297 tenderet
2062 3237 2142 3296 ad
2210 3235 2581 3314 aquilonem,
2658 3234 2879 3293 exinde
2935 3236 3291 3294 flecteretur

727 3364 944 3405 versus
993 3345 1498 3423 septemtrionem
1532 3353 1594 3403 et
1625 3345 1686 3404 in
1720 3345 1965 3404 modico
2014 3344 2228 3422 spacio
2279 3343 2553 3402 venisset
2601 3343 2824 3402 iterum
2856 3343 2935 3401 ad
2967 3343 3285 3421 quandam

726 3464 957 3513 metam
1005 3462 1292 3528 terream,
1343 3453 1566 3513 exhinc
1597 3453 1851 3512 vlterius
1901 3453 2067 3512 viam
2102 3454 2501 3531 procedendo
2549 3452 2943 3531 peruenisset
2977 3452 3056 3509 ad
3097 3468 3291 3528 quan-

728 3564 874 3622 dam
921 3574 1153 3622 metam
1200 3569 1486 3635 terream,
1537 3563 1614 3621 ab
1663 3562 1806 3621 hinc
1853 3581 2046 3639 supra
2114 3562 2347 3621 directe
2396 3562 2601 3621 eundo
2649 3560 2927 3619 venisset
2974 3559 3054 3617 ad
3100 3576 3292 3637 quen-

727 3670 874 3729 dam
921 3670 1179 3729 dumum
1243 3669 1565 3746 spinarum
1629 3669 1733 3727 vbi
1781 3677 1875 3727 est
1939 3678 2109 3729 meta
2155 3676 2378 3741 terrea,
2451 3667 2675 3727 deinde
2735 3665 3135 3745 procedendo
3181 3683 3294 3742 per

729 3778 952 3836 dumos
992 3777 1311 3855 spinarum
1359 3776 1421 3835 in
1469 3778 1634 3835 bono
1684 3777 1897 3855 spacio
1930 3776 2323 3853 peruenisset
2368 3776 2602 3836 directe
2652 3775 2733 3834 ad
2780 3775 3068 3833 arborem
3114 3772 3293 3831 naria

728 3903 913 3943 cruce
962 3885 1293 3963 signatam,
1341 3892 1510 3943 meta
1556 3894 1760 3943 terrea
1809 3882 2267 3957 circumfusam,
2316 3881 2539 3942 exhinc
2587 3900 2778 3960 supra
2825 3881 3058 3940 directe
3106 3880 3294 3939 deue-

729 3992 924 4051 nisset
971 3993 1051 4051 ad
1097 3990 1412 4070 quendam
1461 3993 1717 4051 dumum
1751 3990 2070 4070 spinarum
2120 4010 2315 4069 penes
2345 3990 2513 4050 viam
2562 3988 2667 4048 vbi
2716 3998 2813 4048 est
2858 3996 3027 4047 meta
3072 3996 3294 4061 terrea,

729 4100 953 4160 deinde
1017 4118 1206 4177 supra
1254 4100 1487 4160 directe
1549 4099 1940 4177 peruenisset
1988 4100 2068 4159 ad
2116 4098 2379 4176 primam
2440 4106 2675 4157 metam
2739 4096 2947 4174 ibique
3005 4096 3295 4154 termina·

731 4218 957 4267 rentur.
1006 4208 1074 4266 In
1108 4208 1282 4266 cuius
1317 4208 1404 4267 rei
1437 4208 1803 4267 memoriam
1835 4206 2318 4284 firmitatemque
2353 4205 2877 4282 stabilitatemque
2911 4213 3296 4281 perpetuam,

729 4314 1120 4394 presentibus
1154 4315 1424 4393 sigillum
1456 4324 1737 4375 nostrum
1779 4315 2068 4374 duximus
2104 4314 2603 4393 appendendum.
2653 4313 2885 4371 Datum
2918 4311 3073 4371 seria
3103 4311 3296 4370 tercia

729 4423 1012 4501 proxima
1079 4431 1221 4501 post
1288 4423 1515 4482 festum
1586 4422 2043 4500 assumpcionis
2124 4422 2383 4501 virginis
2456 4420 2746 4500 gloriose,
2828 4438 2991 4479 anno
3063 4417 3294 4477 domini

731 4530 1106 4609 supradicte.

942 4651 1226 4721 originale
1289 4655 1732 4707 membraneum.
1809 4654 2106 4723 Appendet
2144 4654 2331 4708 solum
2390 4668 2537 4706 zona
2574 4651 2789 4705 sericea
2847 4647 3041 4704 viridis
3093 4648 3300 4703 coloris

728 4742 941 4811 absque
977 4742 1172 4812 sigillo.
1237 4744 1295 4796 In
1335 4743 1570 4796 archivo
1608 4759 1830 4811 regnor.
1871 4742 1928 4797 C.
1969 4743 2024 4798 S.
2066 4746 2122 4797 et
2161 4743 2255 4796 D.=
2301 4743 2434 4796 Doc.
2474 4742 2646 4795 medii
2686 4740 2813 4795 aevi
2854 4755 2901 4793 a.
2945 4738 3119 4805 1388„
3160 4737 3295 4792 olim

727 4832 866 4885 Acta
905 4836 1145 4886 monast.
1185 4832 1538 4887 nemetensis
1579 4833 1712 4886 fase.
1753 4832 1799 4887 1.
1841 4832 1942 4887 No,
1984 4833 2072 4887 22.
2128 4862 2191 4871 --
2246 4832 2409 4886 Extat
2447 4830 2619 4885 etiam
2660 4830 2867 4884 ibidem
2918 4829 3087 4883 huius
3128 4828 3296 4881 docu-

731 4920 900 4974 monti
941 4925 1352 4990 transumptum
1394 4922 1621 4990 capituli
1665 4922 2056 4989 Zagrabiensis
2098 4938 2147 4975 a.
2196 4921 2350 4975 1589.

951 5102 964 5129 ¹
1003 5100 1098 5154 sie.
1179 5102 1197 5129 ²
1237 5101 1333 5154 sic.
1415 5102 1434 5129 ³
1479 5100 1576 5154 sic.
