3917 5592
2958 442 3066 521 iffi

1702 662 1906 745 11⁷.

725 891 911 953 Anno
966 892 1148 955 1388.
1208 893 1299 954 18.
1350 894 1622 975 augusti.

516 1104 917 1189 Capitulum
950 1106 1270 1171 ecclesiae
1306 1103 1769 1187 Chasmensis‚
1805 1105 2144 1171 Ladizlao
2175 1104 2256 1171 de
2286 1104 2636 1171 Lossonclz
2669 1106 3076 1178 Sclavoniae

512 1210 707 1293 bano,
764 1213 847 1277 de
901 1217 1184 1298 peracta
1233 1211 1774 1278 reambulatione
1832 1213 2295 1297 possessionis
2357 1212 2753 1278 Rakitowcz
2798 1213 3081 1298 eiusque

688 1322 1069 1386 statutione
1114 1320 1475 1387 heremitis
1522 1321 1601 1385 Β.
1649 1320 1743 1385 Μ.
1806 1321 1873 1385 V.
1918 1325 2128 1406 prope
2173 1318 2617 1406 Zagrabiam,
2667 1319 2900 1406 refert.

732 1539 1121 1619 [MJagnifico
1183 1540 1319 1599 viro
1367 1540 1617 1599 domino
1677 1538 1975 1599 Ladizlao
2023 1540 2100 1599 de
2149 1540 2472 1599 Lossonch
2520 1540 2697 1619 regni
2743 1538 3076 1599 Sclauonie

510 1648 693 1723 bano,
742 1648 944 1707 amico
1008 1666 1224 1707 eorum
1285 1648 1669 1721 honorandO,
1741 1647 2079 1724 capitulum
2145 1646 2553 1707 Chasmensis
2601 1648 2863 1708 ecclesie
2927 1647 3076 1707 ami-

511 1755 728 1813 ciciam
775 1764 1061 1833 paratam
1109 1755 1319 1815 debito
1368 1774 1511 1815 cum
1557 1755 1810 1815 honore.
1868 1755 2132 1814 Nouerit
2177 1763 2390 1815 vestra
2435 1756 2915 1835 magnificencia
2961 1774 3077 1815 nos

510 1862 745 1921 litteras
806 1872 1052 1922 vestras
1123 1882 1235 1941 per
1297 1882 1411 1923 uos
1483 1863 1663 1922 nobis
1712 1862 2119 1922 amicabiliter
2188 1863 2457 1923 directas
2524 1864 2838 1942 recepisse
2913 1864 3076 1923 hunc

507 1980 787 2029 tenorem
875 1970 1305 2029 continentes:
1400 1970 1649 2047 (Vide
1743 1972 1781 2030 d
1808 1989 1845 2030 o
1875 1991 1925 2031 c.
2018 1990 2070 2029 a.
2151 1968 2334 2031 1388.
2425 1970 2526 2032 27.
2609 1972 2822 2032 iulii
2915 1992 2944 2031 s
2971 1974 3074 2033 ub

514 2078 627 2136 No,
685 2074 865 2152 115).
916 2076 1047 2136 Nos
1098 2077 1287 2157 igitur
1333 2078 1558 2138 vestris
1606 2078 2018 2156 peticionibus
2051 2077 2480 2137 amicabilibus
2530 2088 2896 2154 annuenteS,
2923 2100 3073 2139 vna-

510 2204 655 2243 cum
700 2184 943 2263 prefato
991 2186 1162 2245 Iwan
1210 2185 1336 2244 filio
1398 2185 1654 2246 Iwahen
1702 2186 1780 2244 de
1830 2185 1997 2245 dicta
2058 2180 2450 2246 Berzenche¹
2497 2205 2609 2247 seu
2665 2186 2910 2266 Campo
2957 2189 3075 2247 Za-

508 2292 823 2371 grabiensi
894 2292 1143 2352 homine
1212 2303 1439 2367 vestm,
1512 2294 1775 2352 Paulum
1834 2292 2252 2370 presbiterum
2304 2293 2475 2352 chori
2547 2294 2740 2371 ipsius
2810 2294 3074 2354 ecclesie

509 2410 717 2460 nostre
749 2400 1249 2479 prebendarium,
1280 2401 1595 2460 hominem
1628 2409 1908 2460 nostrum
1944 2400 2025 2459 ad
2055 2400 2492 2479 exequendum
2541 2410 2602 2460 et
2641 2402 3074 2481 peragendum

507 2510 815 2587 premissa
844 2508 1110 2569 fideliter
1142 2518 1204 2568 et
1233 2508 1697 2569 conscienciose
1746 2528 1859 2587 pro
1892 2508 2246 2569 testimonio
2295 2508 2584 2568 duximus
2618 2509 3074 2583 destinandum,

510 2618 613 2696 qui
660 2618 913 2677 demum
962 2617 1043 2676 ad
1090 2635 1205 2676 nos
1255 2617 1478 2676 exinde
1529 2616 1765 2676 reuersi
1814 2626 1876 2676 et
1921 2635 2034 2694 per
2079 2635 2195 2675 nos
2243 2614 2538 2694 requisiti,
2593 2616 2772 2675 nobis
2822 2634 3074 2676 concor-

511 2724 668 2784 diter
713 2724 1070 2796 retulerunt,
1120 2731 1185 2782 vt
1233 2724 1351 2802 ipsi
1396 2724 1553 2783 feria
1598 2724 1793 2783 tercia
1838 2724 2126 2801 proxima
2171 2725 2357 2802 p[ost]
2423 2723 2648 2783 festum
2696 2724 2866 2783 beati
2912 2724 3073 2783 Lau-

511 2833 699 2893 rencii
744 2833 1031 2908 martiris,
1060 2852 1225 2891 nunc
1272 2832 1551 2911 proxime
1599 2832 1962 2910 preteritum
1998 2841 2060 2892 et
2094 2827 2234 2892 aliis
2280 2831 2501 2891 diebus
2549 2832 3076 2911 subsequentibus

514 2942 591 3000 ad
638 2940 699 2999 id
748 2940 925 3019 aptiS,
974 2940 1053 2999 ad
1100 2939 1327 2999 faciem
1373 2940 1651 3018 predicte
1684 2940 2103 3017 possessionis
2153 2940 2515 2999 Rakitowcz
2565 2948 2807 3013 vocate,
2855 2940 3076 3000 vicinis

514 3057 574 3108 et
618 3048 1063 3107 commetaneis
1112 3048 1394 3108 eiusdem
1440 3048 1748 3109 vniuersis
1796 3047 1943 3107 inibi
1990 3047 2266 3127 legitime
2301 3047 2663 3106 conuocatis
2711 3056 2774 3107 et
2819 3066 3074 3125 presen-

513 3154 673 3213 tibus
719 3156 901 3214 simul
950 3155 1338 3229 accedenteS,
1389 3156 1655 3215 eandem
1701 3154 2168 3233 possessionem
2218 3154 2298 3215 ad
2346 3155 2812 3233 possessionem
2859 3156 3074 3215 Petro-

516 3262 707 3322 souch
752 3272 1177 3340 nuncupatam
1224 3262 1678 3340 sp[ecta]ntem,
1726 3262 1978 3321 nomine
2025 3261 2174 3321 iuris
2209 3261 2551 3321 eorundem
2596 3261 2857 3321 fratrum
2905 3262 3081 3322 here·

516 3372 803 3431 mitarum
850 3390 964 3449 per
1010 3390 1159 3430 suas
1206 3389 1394 3430 veras
1443 3380 1503 3430 et
1551 3370 1840 3449 antiquas
1889 3378 2091 3430 metas
2133 3388 2458 3447 nouasque
2505 3369 2675 3429 iuxta
2722 3378 2970 3430 veteres
3025 3372 3086 3429 in

518 3478 665 3537 locis
728 3479 1103 3538 necessariis
1152 3478 1601 3558 consignantes
1650 3486 1712 3537 et
1758 3478 2093 3557 erigenteS,
2161 3477 2674 3551 reambulassent,
2739 3485 2802 3537 et
2845 3478 2936 3537 sic
3003 3478 3080 3536 ab

518 3585 773 3645 aliorum
842 3586 1077 3645 iuribus
1153 3586 1665 3665 possessionariis
1754 3586 2063 3646 metaliter
2142 3594 2326 3663 prout
2394 3584 2554 3645 infra
2623 3581 2942 3664 sepatam2
3017 3596 3087 3646 et

514 3693 882 3768 distinctam,
946 3696 1213 3754 eandem
1277 3695 1428 3773 ipsis
1493 3694 1787 3755 fratribus
1851 3694 2169 3755 heremitis
2218 3704 2280 3753 et
2347 3713 2564 3754 eorum
2623 3695 2886 3755 ecclesie
2950 3695 3082 3755 iure

514 3801 661 3878 ipsis
708 3801 1091 3862 incumbenti
1137 3813 1440 3881 perpetuo
1472 3802 1936 3881 possidendam,
1985 3803 2322 3862 tenendam
2369 3802 2603 3880 pariter
2632 3811 2694 3860 et
2723 3804 3080 3863 habendam

517 3908 875 3969 statuissent
922 3920 985 3969 et
1029 3910 1425 3989 reliquissent
1492 3911 1659 3969 nullo
1707 3910 1955 3989 penitus
2027 3909 2174 3969 inibi
2219 3910 2674 3970 contradictore
2723 3920 3081 3989 apparente.

516 4016 709 4076 Cuius
754 4018 957 4095 prima
1005 4026 1176 4077 meta
1224 4018 1614 4096 inciperetur,
1663 4027 1848 4095 prout
1892 4017 2074 4077 nobis
2121 4016 2309 4077 iidem
2352 4028 2562 4078 vester
2611 4026 2672 4077 et
2717 4026 2931 4079 noster
2975 4019 3083 4077 ho-

516 4125 711 4185 mines
759 4133 1053 4185 oretenus
1102 4126 1446 4186 retulerunt
1492 4134 1554 4185 et
1599 4123 1663 4185 in
1712 4126 1957 4204 scriptis
1999 4134 2424 4204 apportarunt,
2471 4125 2674 4204 prima
2719 4135 2889 4187 meta
2934 4126 3083 4186 inci·

516 4242 687 4311 peret
736 4252 771 4293 a
820 4242 996 4312 parte
1060 4234 1344 4293 orientali
1390 4234 1453 4293 in
1500 4252 1737 4313 magna
1798 4234 1974 4307 silua,
2025 4233 2085 4292 in
2133 4234 2326 4293 fluuio
2375 4233 2616 4294 Glosna
2669 4242 2912 4309 vocat0,
2979 4234 3082 4293 vbi

518 4342 831 4401 adiaceret
876 4341 1123 4400 termini
1169 4348 1478 4401 metarum
1524 4341 1940 4419 possessionis
1989 4341 2282 4403 Luchasii
2328 4340 2434 4400 filii
2482 4342 2811 4418 chhyak,
2859 4342 3085 4402 deinde

516 4468 627 4525 per
670 4449 877 4526 ipsum
942 4449 1201 4509 fluuium
1252 4449 1493 4509 Glosna
1558 4450 1971 4510 descenderet
2019 4458 2082 4509 et
2128 4449 2483 4528 perueniret
2530 4450 2610 4509 ad
2661 4458 2862 4509 metas
2913 4449 3090 4508 Pauli

516 4556 619 4616 filii
664 4556 876 4617 Iacobi
925 4557 1072 4617 dicti
1117 4558 1429 4634 Vayuoda
1458 4576 1497 4617 a
1528 4566 1707 4636 parte
1754 4558 2160 4632 meridionali,
2211 4558 2433 4617 exinde
2468 4557 2594 4617 exit
2639 4558 2723 4617 ad
2768 4558 3086 4636 quandam

520 4672 751 4724 metam
799 4672 1087 4739 terream,
1136 4664 1199 4723 in
1248 4664 1424 4725 cuius
1473 4664 1681 4725 medio
1732 4673 1828 4724 est
1873 4664 2128 4744 quidam
2183 4657 2468 4724 troncus⁸
2513 4664 2646 4742 piri,
2711 4664 2936 4725 deinde
2983 4683 3086 4723 ca-

520 4770 694 4830 deret
754 4771 837 4831 ad
901 4772 1216 4850 quendam
1264 4772 1529 4849 rywlum
1592 4774 1876 4832 Zuhodol
1942 4780 2250 4843 vocatum,
2320 4790 2434 4850 per
2496 4790 2684 4850 quem
2745 4772 3086 4833 declinaret

523 4896 739 4937 versus
787 4878 1240 4939 occidentalem
1288 4888 1351 4939 et
1394 4880 1753 4957 perueniret
1801 4880 1881 4939 ad
1931 4880 2220 4939 arborem
2270 4898 2492 4955 cerasy
2540 4897 2724 4939 cruce
2773 4879 3086 4959 signatam

522 4992 583 5043 et
626 4994 795 5045 meta
840 4993 1045 5046 terrea
1092 4986 1547 5062 circumfusam,
1596 4988 1675 5047 ab
1724 4986 1866 5046 hinc
1900 4986 1961 5046 in
1994 5006 2192 5065 paruo
2239 4987 2454 5065 spacio
2503 4987 2710 5046 eundo
2760 4988 2842 5047 ad
2889 5006 3083 5065 quan-
