3917 5592
828 441 959 505 348

2005 656 2216 726 284.

1035 878 1221 938 Anno
1278 873 1461 936 1454.
1512 872 1613 935 20.
1662 872 1825 934 maii.
1873 871 2246 953 Zagrabiae.

826 1087 1079 1151 Coram
1128 1085 1432 1150 Iohanne
1478 1085 1777 1170 Zmolyk,
1834 1083 2205 1149 castellano
2240 1083 2320 1147 de
2383 1083 2700 1168 Ztupnyk
2729 1061 3106 1168 comiteque
3141 1083 3392 1167 Campi

820 1193 1316 1280 Zagrabiensis
1361 1214 1443 1256 ac
1501 1193 1761 1257 Thoma
1805 1191 1969 1275 filio
2037 1191 2250 1254 Pauli
2295 1191 2376 1254 de
2439 1190 2858 1275 Woynosecz,
2919 1191 3167 1255 comite
3229 1193 3389 1256 terr.

819 1300 1125 1365 eiusdem
1180 1299 1443 1382 Campi,
1502 1298 1800 1384 Georgio
1859 1296 2104 1362 Trebse
2149 1301 2212 1360 et
2259 1299 2476 1362 altero
2521 1297 2822 1382 Georgio
2856 1295 3021 1380 filio
3065 1297 3390 1373 Martini,

819 1407 1155 1492 quaedam
1200 1406 1680 1490 possessioneS,
1730 1406 1887 1469 iure
1936 1405 2350 1490 quartalitio
2400 1404 2592 1488 ipsos·
2635 1405 3128 1488 contingenteS,
3169 1404 3392 1487 assig-

1964 1516 2245 1576 uantur.

1034 1732 1167 1791 Nos
1215 1732 1521 1792 Iohannes
1584 1731 1895 1808 Z[m0]lyk
1975 1731 2352 1789 castellanus
2417 1731 2650 1789 castelli
2713 1731 3004 1808 Ztupnyk
3075 1731 3276 1790 vocati
3331 1739 3393 1790 et

822 1858 1034 1900 comes
1059 1837 1285 1915 Campi
1310 1837 1754 1917 Zagrabiensis
1782 1857 1857 1896 ac
1882 1838 2160 1896 Thomas
2193 1836 2352 1896 filius
2386 1835 2562 1895 Pauli
2589 1837 2668 1896 de
2693 1838 3139 1915 W[oy]nosecz
3167 1857 3380 1898 comes

821 1946 1131 2006 terrestris
1179 1945 1461 2004 eiusdem
1510 1944 1736 2022 Campi
1782 1944 2084 2003 memorie
2153 1945 2664 2004 commendamus
2726 1952 2940 2004 tenore
2989 1945 3384 2023 presencium

822 2053 1249 2134 significantes
1308 2053 1533 2131 quibus
1593 2051 1843 2130 expedit
1903 2051 2228 2124 universiS,
2287 2052 2456 2130 quod
2518 2070 2659 2110 cum
2723 2071 2839 2110 nos
2907 2052 2987 2112 ad
3050 2051 3384 2113 instantem

821 2160 1193 2238 peticionem
1241 2159 1499 2240 Georgii
1548 2158 1693 2219 dicti
1741 2158 2000 2230 Trebse‚
2049 2158 2152 2217 filii
2201 2158 2468 2218 condam
2516 2157 2714 2217 Marci
2747 2158 2854 2217 filii
2885 2159 3050 2235 olym
3084 2159 3388 2238 Stephani

822 2267 968 2328 dicti
1016 2267 1305 2344 Kursych
1356 2268 1433 2327 de
1481 2265 1799 2344 Superiori
1848 2266 2266 2342 Lompnycza,
2293 2274 2354 2324 et
2379 2263 2631 2324 alterius
2679 2265 2936 2344 Georgii
2985 2265 3090 2324 filii
3121 2268 3388 2326 condam

822 2376 1074 2436 Martini
1123 2375 1230 2435 filii
1278 2375 1497 2453 prefati
1545 2373 1847 2452 Stephani
1896 2373 2202 2448 Kursych,
2250 2372 2488 2432 nobiles
2537 2373 2705 2432 viros
2768 2374 3120 2450 Ztoyanum
3191 2374 3381 2434 filium

824 2483 1067 2543 Thome
1115 2484 1194 2542 de
1242 2482 1649 2558 Guztynycza
1698 2489 1761 2541 et
1805 2480 2214 2540 Benedictum
2261 2481 2560 2558 Krupych
2609 2481 3136 2560 cognominatum,
3191 2481 3382 2542 filium

823 2589 1007 2664 Petri,
1033 2608 1337 2669 generum
1362 2607 1514 2648 vero
1539 2588 1805 2646 condam
1831 2587 2090 2666 Georgii
2115 2587 2221 2646 filii
2247 2587 2486 2646 Nicolai
2511 2589 2589 2646 de
2615 2588 2846 2662 Mlaka,
2881 2588 3246 2668 iobagiones
3293 2587 3381 2648 vi·

823 2697 1049 2757 delicet
1072 2704 1319 2755 nostros
1339 2695 1708 2774 fidedignos,
1735 2695 1813 2754 de
1840 2696 1991 2754 sede
2019 2704 2232 2753 nostra
2257 2694 2577 2754 iudiciaria
2601 2695 2798 2768 solita,
2827 2696 3112 2756 videlicet
3144 2697 3380 2776 Zagra-

826 2804 1046 2877 biensi,
1096 2803 1249 2863 feria
1297 2803 1574 2863 secunda
1620 2803 1903 2880 proxima
1952 2810 2096 2862 ante
2127 2808 2354 2861 testum
2389 2802 2801 2880 apparicionis
2843 2803 3012 2863 beati
3057 2803 3382 2863 Michaelis

825 2909 1204 2991 archangeli,
1254 2929 1416 2968 nunc
1463 2908 1742 2988 proxime
1808 2909 2188 2987 preteritum,
2258 2909 2338 2968 ad
2404 2909 2859 2988 infrascriptam
2915 2911 3383 2988 possessionum

823 3018 1327 3098 quartaliciarum
1376 3017 2056 3076 infranominandarum
2106 3017 2577 3094 separacionem
2643 3026 2704 3076 et
2761 3003 3174 3078 statucionem
3233 3017 3381 3077 faei-

825 3128 1051 3187 endam
1101 3125 1401 3205 legittime
1449 3125 1959 3198 destinassemus,
2007 3124 2262 3184 tandem
2292 3125 2408 3202 ipsi
2440 3125 2808 3204 iobagiones
2841 3127 3035 3186 nostri
3085 3125 3384 3206 fidedigni

824 3235 885 3293 in
934 3232 1260 3312 quindenis
1309 3233 1582 3310 predicte
1628 3231 1781 3291 ferie
1830 3233 2104 3292 secunde
2153 3231 2374 3291 exinde
2425 3234 2508 3292 ad
2553 3251 2668 3291 nos
2718 3234 2969 3308 reversi,
3018 3243 3080 3293 et
3125 3254 3239 3312 per
3267 3253 3384 3293 nos

824 3341 1153 3420 diligenter
1200 3339 1492 3418 requisiti,
1540 3335 1717 3398 nobis
1766 3359 1841 3400 eo
1890 3339 2078 3398 modo
2127 3340 2517 3399 concorditer
2563 3341 2918 3414 retulerunt,
2969 3348 3035 3400 ut
3080 3341 3196 3419 ipsi
3229 3339 3398 3411 feria.

826 3449 1102 3509 secunda
1149 3447 1429 3526 proxima
1478 3456 1618 3525 post
1680 3448 1906 3507 festum
1956 3455 2314 3508 sanctorum
2361 3447 2711 3528 Pangracii‚
2775 3449 2962 3508 Nerei
3029 3457 3090 3507 et
3147 3449 3386 3508 Achilei

826 3555 1164 3629 martirum,
1226 3555 1506 3634 proxime
1571 3575 1733 3614 nunc
1798 3555 2180 3632 preteritum,
2244 3564 2306 3615 et
2371 3555 2503 3615 aliis
2564 3556 2784 3615 diebus
2850 3557 2930 3615 ad
2991 3556 3051 3615 id
3117 3556 3276 3634 aptis
3325 3563 3386 3616 et

826 3661 1290 3736 sufficientibuS,
1363 3663 1443 3722 ad
1514 3662 1704 3722 facies
1774 3662 2288 3741 quartaliciarum
2361 3663 2826 3741 possessionum
2899 3671 2960 3722 et
3024 3664 3387 3741 porcionum

826 3770 1459 3854 possessionariarum
1512 3769 1787 3848 ipsorum
1854 3768 2116 3850 Georgii
2189 3769 2335 3829 dicti
2403 3771 2658 3842 Trebse‚
2708 3779 2770 3830 et
2833 3770 3083 3829 alterius
3130 3768 3388 3849 Georgii

828 3878 932 3938 filii
966 3878 1161 3956 ipsius
1196 3877 1465 3952 Martini,
1497 3878 1558 3936 in
1588 3878 2104 3956 possessionibus
2127 3889 2188 3938 et
2220 3877 2618 3956 porcionibus
2650 3855 3160 3956 possessionariis
3186 3879 3384 3938 Bene-

830 3985 976 4046 dicti
1026 3985 1131 4044 filii
1182 3987 1446 4044 condam
1494 3985 1753 4064 Georgii
1818 3985 1964 4045 dicti
2029 3985 2392 4061 Ztanchyeh
2440 3987 2517 4044 de
2579 3985 2949 4057 Lokawecz,
3011 3994 3074 4044 et
3131 3985 3388 4064 Georgii

834 4093 937 4152 filii
989 4094 1253 4153 condam
1302 4093 1566 4170 Philippi
1614 4094 1759 4153 dicti
1807 4094 2074 4174 (Izygan
2125 4094 2201 4153 de
2252 4094 2474 4152 eadem
2543 4093 2914 4166 Lokawech,
2973 4101 3034 4151 et
3077 4093 3277 4170 primo
3323 4092 3385 4151 in

834 4202 1056 4260 eadem
1106 4201 1455 4260 Lokawecz
1504 4200 1747 4274 habitis,
1818 4201 2243 4274 existencium,
2307 4200 2524 4259 vicinis
2572 4208 2633 4259 et
2679 4200 3123 4260 commetaneis
3172 4218 3387 4260 earum

834 4307 1142 4367 universis
1169 4308 1315 4368 inibi
1339 4309 1641 4388 legittime
1668 4311 2029 4370 convocatis
2063 4318 2126 4369 et
2157 4309 2582 4387 presentibuss
2615 4317 3031 4381 accesserunt,
3065 4316 3127 4366 et
3157 4306 3384 4366 ibidem

832 4435 1017 4475 unam
1067 4415 1411 4476 sessionem
1444 4437 1555 4476 seu
1603 4425 1831 4477 terram
1866 4417 2292 4490 sessionalem,
2350 4415 2507 4474 inter
2541 4415 2884 4474 sessionem
2918 4414 3206 4494 Gregorii
3239 4415 3385 4475 dicti

832 4524 1168 4600 Gayschak
1220 4524 1297 4583 ab
1346 4523 1685 4599 occidente,
1719 4535 1781 4587 et
1810 4527 1969 4586 inter
2019 4525 2364 4585 sessionem
2411 4521 2600 4582 Blasii
2632 4521 2738 4581 filii
2772 4523 3038 4581 condam
3086 4523 3385 4600 Stephani

832 4631 1071 4709 supani,
1138 4631 1241 4690 filii
1306 4632 1480 4691 Pedk
1550 4633 1627 4692 de
1703 4635 2054 4692 Lokawecz
2125 4639 2472 4709 prenotata,
2540 4637 2603 4688 et
2672 4628 2930 4688 fratrum
2988 4648 3242 4689 suorum
3306 4630 3385 4690 ab

834 4741 1069 4800 oriente
1118 4740 1409 4814 habitam,
1459 4762 1645 4801 unam
1694 4763 1836 4800 cum
1883 4741 2090 4800 media
2140 4739 2588 4799 dimensionem
2623 4738 2789 4816 wlgo
2837 4737 3002 4796 meth
3049 4737 3278 4797 dictam
3325 4737 3388 4797 in

836 4869 904 4908 se
955 4849 1403 4922 continentem;
1454 4851 1597 4909 item
1648 4850 1877 4908 ibidem
1925 4869 2120 4927 prope
2171 4847 2355 4906 aliam
2409 4845 2755 4905 sessionem
2821 4845 2979 4903 inter
3043 4845 3388 4904 sessionem

838 4957 1023 5016 aliam
1069 4936 1447 5034 prefatorum
1496 4957 1760 5016 filiorum
1807 4957 2001 5034 ipsius
2048 4953 2349 5032 Stephani
2397 4952 2620 5030 supani
2669 4952 2746 5010 ab
2795 4951 3050 5024 oriente,
3122 4959 3184 5009 et
3229 4951 3390 5010 inter
