3917 5592
827 473 960 537 350

817 689 1198 769 pertinentis,
1245 709 1551 771 generum
1597 708 1748 748 vero
1797 689 2063 750 condam
2112 687 2355 746 Thome
2402 686 2547 746 dicti
2593 687 2805 759 Vram,
2850 681 2964 744 filii
3004 685 3223 764 prefati
3272 685 3351 744 Νι

819 798 978 858 colai
1045 797 1154 858 filii
1201 797 1396 876 ipsius
1444 798 1606 857 sta
1653 798 1732 856 de
1781 795 1946 856 dicta
1995 794 2391 872 Dobranych,
2441 794 2503 854 in
2549 794 2805 853 fratrem
2852 813 3069 852 eorum
3115 812 3379 874 genera-

819 905 1141 982 cionalem,
1190 914 1252 967 et
1297 905 1570 966 nobilem
1617 905 1936 966 dominam
1982 903 2327 980 Elyzabeth
2376 909 2682 976 vocatam,
2728 901 2923 963 filiam
2968 901 3191 981 prefati
3235 921 3379 962 con-

819 1014 964 1074 dam
1013 1013 1254 1074 Thome
1304 1015 1497 1074 Vram
1560 1013 1722 1087 dicti,
1781 1031 2041 1072 uxorem
2085 1029 2239 1072 vero
2297 1010 2667 1092 legittimam
2714 1009 2997 1070 eiusdem
3057 1008 3383 1070 Benedicti

819 1119 1038 1182 iudicis
1081 1120 1498 1200 provinciaIiS,
1549 1121 1610 1181 in
1656 1138 1938 1180 sororem
2002 1138 2219 1179 eorum
2282 1118 2560 1180 similiter
2605 1117 3147 1199 generacionalem
3207 1116 3381 1177 beni·

823 1229 960 1288 vole
1007 1227 1432 1308 suscepissent
1477 1235 1540 1289 et
1586 1233 2039 1306 acceptassent,
2069 1239 2281 1303 ymmo
2326 1232 2738 1304 susceperunt
2785 1234 2847 1285 et
2894 1231 3382 1302 acceptaverunt

821 1355 1035 1405 coram
1082 1336 1280 1411 nobis,
1328 1344 1391 1396 et
1453 1335 1534 1396 ob
1580 1336 1703 1396 hoc
1747 1353 1823 1395 ac
1884 1341 2219 1414 propterea
2282 1333 2398 1412 ipsi
2458 1353 2678 1393 omnes
2741 1331 2981 1392 nobiles
3044 1331 3383 1411 supradicti

818 1443 1057 1523 prefate
1103 1442 1538 1525 generacionis
1586 1461 1802 1504 eorum
1849 1442 2271 1519 Dobranychy
2319 1448 2560 1515 vocate,
2626 1439 2978 1500 nominibus
3026 1447 3090 1500 et
3132 1439 3197 1501 in
3242 1459 3380 1518 per-

820 1552 989 1612 sonis
1059 1571 1325 1631 quorum
1392 1570 1600 1630 supra,
1663 1550 1958 1611 oneribus
2026 1556 2088 1610 et
2150 1547 2621 1630 gravaminibus
2691 1567 2909 1610 eorum
2970 1547 3033 1608 in
3094 1567 3164 1608 se
3212 1547 3380 1626 ipsos

822 1667 1043 1738 sponte
1089 1678 1203 1738 per
1249 1659 1460 1719 omnia
1507 1657 1860 1737 assumptiS,
1908 1665 1978 1718 ut
2024 1656 2345 1736 prefertur,
2408 1676 2601 1717 unam
2647 1656 2993 1717 sessionem
3056 1675 3273 1716 eorum
3318 1655 3381 1715 in

823 1767 1105 1847 predicta
1151 1767 1548 1843 Dobranych,
1595 1766 1756 1826 inter
1802 1765 2147 1826 sessionem
2196 1765 2615 1844 predictorum
2676 1764 2989 1838 Valentini
3036 1771 3099 1826 et
3143 1763 3381 1824 Vrbani

825 1875 973 1936 dicti
1017 1874 1274 1935 Gerdak
1322 1874 1400 1934 ab
1449 1873 1703 1948 oriente,
1753 1882 1816 1934 et
1860 1873 2021 1933 inter
2066 1873 2412 1934 sessionem
2465 1873 2725 1950 Mathye
2772 1873 3166 1950 Kussewych
3213 1871 3378 1944 dicti,

823 1983 901 2044 ab
949 1983 1289 2057 occidente,
1337 2000 1412 2042 ac
1456 1981 1618 2042 inter
1675 1980 1843 2040 viam
1891 1969 2289 2041 communem
2335 2000 2374 2040 a
2418 1979 2777 2054 meridione‚
2826 1988 2888 2040 et
2933 1979 3095 2040 inter
3156 1979 3393 2040 silvam·

820 2090 1099 2151 similiter
1158 2109 1554 2150 communem
1601 2107 1640 2148 a
1685 2087 2131 2168 septemtrione
2192 2087 2487 2164 habitam,
2534 2095 2661 2148 tres
2727 2087 3149 2148 dimensiones
3211 2087 3380 2165 wlgo

820 2198 1032 2274 methy
1078 2196 1277 2258 dictas
1323 2196 1388 2256 in
1433 2215 1504 2257 se
1552 2196 1991 2270 continentem,
2040 2215 2183 2255 cum
2230 2195 2517 2256 omnibus
2565 2194 2699 2255 suis
2732 2194 3095 2254 utilitatibus
3144 2202 3205 2255 et
3237 2213 3375 2273 per·

818 2303 1104 2365 tinenciis
1151 2303 1474 2378 universiS,
1520 2303 1776 2383 prefatis
1808 2301 2151 2364 Benedicto
2182 2302 2386 2378 iudici,
2418 2310 2739 2382 tamquam
2784 2301 2975 2376 fratri,
3024 2309 3085 2361 et
3132 2301 3379 2362 domine

819 2412 1166 2490 Elyzabeth
1226 2411 1498 2472 consorti
1545 2431 1677 2487 sue,
1739 2418 2062 2491 tamquam
2125 2410 2322 2471 sorori
2384 2411 2662 2490 ipsorum
2723 2409 3205 2491 generacionali,
3266 2429 3380 2488 pro

821 2519 1098 2581 serviciis
1146 2527 1209 2579 et
1251 2518 1572 2579 beneficiis
1620 2520 1913 2598 ipsorum,
1959 2538 2075 2598 per
2105 2519 2363 2580 eosdem
2394 2518 2803 2580 Benedictum
2849 2517 3117 2578 iudicem
3165 2525 3228 2577 et
3273 2518 3381 2577 do·

821 2627 1058 2688 minam
1103 2626 1450 2703 Elyzabeth
1497 2627 1734 2687 eisdem
1782 2625 2091 2687 nobilibus
2138 2625 2415 2705 predicte
2447 2626 2883 2707 generacionis
2927 2625 3208 2705 ipsorum
3253 2626 3378 2685 Do-

821 2735 1143 2812 branychy
1215 2742 1454 2809 vocate,
1517 2743 1702 2813 prout
1768 2734 2017 2813 ipsimet
2090 2733 2270 2794 nobis
2338 2714 2695 2809 retulerunt,
2764 2733 2994 2812 pluries
3055 2721 3379 2811 hucusque

819 2842 999 2903 factis
1047 2850 1110 2902 et
1154 2841 1452 2921 impensis
1501 2849 1563 2902 et
1606 2842 1671 2902 in
1717 2841 1993 2902 futurum
2054 2841 2189 2902 fieri
2237 2841 2716 2920 compromissiS,
2765 2842 3121 2914 donassent,
3166 2860 3379 2918 ymmo

821 2952 1214 3011 donaverunt
1261 2968 1472 3009 coram
1521 2948 1702 3008 nobis
1763 2956 2066 3027 perpetuo
2113 2948 2178 3007 in
2221 2949 2524 3008 heredum
2588 2949 2855 3009 heredes
2916 2948 3379 3026 possidendam,

823 3077 898 3118 ac
961 3057 1219 3136 insuper
1278 3057 1503 3116 totales
1573 3055 2008 3134 possessiones
2056 3063 2118 3115 et
2179 3054 2519 3134 porciones,
2569 3054 3097 3134 possessionarias
3157 3055 3380 3134 prefati

820 3165 1088 3226 condam
1135 3165 1378 3224 Thome
1426 3165 1619 3224 Vrarn
1669 3163 1832 3238 dicti,
1881 3163 2083 3223 soceri
2115 3161 2313 3239 ipsius
2360 3162 2683 3223 Benedicti
2712 3161 2950 3236 iudicis,
2999 3163 3193 3241 patris
3226 3179 3379 3222 vero

821 3273 982 3336 dicte
1030 3273 1278 3334 domine
1325 3271 1690 3349 Elyzabeth,
1751 3271 1814 3331 in
1877 3271 2158 3350 predicta
2219 3271 2599 3348 Dobranych
2645 3279 2708 3331 et
2754 3271 2889 3330 eius
2951 3269 3258 3330 territorio
3306 3289 3379 3330 ac

819 3379 1216 3460 pertinenciis
1262 3378 1526 3455 habitaS,
1575 3379 1796 3458 quovis
1829 3378 2080 3438 nomine
2115 3379 2440 3453 vocitataS,
2489 3397 2631 3438 cum
2678 3378 2966 3440 omnibus
3014 3396 3231 3440 earum
3264 3377 3380 3436 uti-

826 3487 1097 3547 litatibus
1146 3495 1208 3548 et
1254 3486 1652 3565 pertinenciis
1685 3485 2009 3558 universiS,
2059 3486 2351 3564 predictis
2384 3486 2725 3546 Benedicto
2773 3485 2960 3546 iudici
3008 3505 3084 3545 ac
3130 3484 3379 3549 domine

824 3595 1168 3671 Elyzabeth
1216 3613 1330 3654 sue
1363 3593 1634 3654 consorti
1681 3601 1743 3654 et
1790 3593 2069 3672 ipsorum
2099 3593 2452 3668 heredibuS,
2500 3612 2613 3671 per
2656 3593 2828 3671 ipsos
2875 3592 3247 3653 remiserunt
3273 3591 3380 3652 be-

825 3702 1030 3767 nivole
1080 3701 1357 3762 similiter
1402 3709 1705 3780 perpetuo
1770 3700 2184 3780 possidendas
2233 3708 2295 3760 et
2341 3702 2903 3779 quomodocunque
2966 3700 3138 3759 iuxta
3200 3699 3380 3780 regni

825 3809 1337 3871 consvetudinem
1385 3810 1692 3870 voluerint
1739 3809 2191 3889 disponendas3
2258 3817 2322 3869 et
2369 3828 2510 3868 cum
2557 3809 2811 3869 tandem
2858 3827 2973 3868 nos
3022 3809 3103 3868 ad
3149 3807 3381 3868 instan-

822 3927 950 3978 tem
996 3918 1371 3997 peticionem
1419 3918 1759 3978 eorundem
1808 3916 2134 3977 Benedicti
2180 3915 2399 3976 iudicis
2448 3925 2511 3976 et
2557 3916 2807 3976 domine
2842 3915 3189 3993 Elyzabeth
3235 3935 3381 3975 con-

824 4026 1008 4086 sortis
1055 4045 1184 4098 sue,
1249 4025 1488 4086 nobiles
1551 4025 1720 4084 viros
1785 4025 2135 4101 Stoyanum
2181 4023 2371 4083 filium
2421 4024 2663 4084 Thome
2728 4024 2805 4084 de
2868 4023 3275 4100 Gustynycz'a
3322 4029 3385 4082 et

825 4132 1234 4193 Benedictum
1281 4133 1579 4210 Krupych
1643 4131 1892 4205 dictum,
1955 4149 2261 4211 generum
2320 4131 2588 4191 condam
2652 4130 2911 4210 Georgii
2972 4130 3079 4190 filii
3140 4129 3382 4190 Nicolai

825 4239 933 4300 filii
980 4240 1190 4299 Laczk
1238 4238 1316 4299 de
1362 4239 1595 4311 Mlaka,
1643 4238 2012 4318 iobagiones
2060 4235 2349 4297 videlicet
2393 4244 2639 4297 nostros
2688 4236 3057 4316 fidedignos,
3106 4238 3183 4297 de
3232 4237 3383 4297 sede

827 4354 1040 4408 nostra
1072 4345 1393 4407 iudiciaria
1425 4346 1608 4407 solita
1654 4345 2083 4426 Zagrabiensi,
2121 4345 2278 4405 feria
2324 4345 2601 4404 secunda
2635 4343 2919 4422 proxima
2965 4351 3109 4404 ante
3155 4343 3382 4404 festum

827 4453 1231 4514 sacratissimi
1281 4453 1558 4532 corporis
1605 4452 1838 4513 domini
1883 4452 2079 4512 nostri
2125 4453 2265 4512 Iesu
2314 4451 2564 4526 Christi,
2612 4471 2777 4512 nunc
2836 4451 3116 4530 proxime
3180 4460 3383 4531 prete·

765 4561 777 4572 ⁰
825 4564 1026 4637 ritum,
1077 4564 1158 4623 ad
1203 4561 1658 4641 infrascriptam
1706 4560 1983 4639 predicte
2032 4561 2327 4620 sessionis
2376 4569 2439 4620 et
2485 4559 2761 4638 ipsarum
2807 4559 3276 4638 possessionum
3324 4567 3387 4620 et

827 4671 1194 4750 porcionum
1239 4669 1895 4750 possessionariarum,
1957 4669 2109 4748 ipsis
2170 4669 2461 4730 videlicet
2523 4668 2865 4728 Benedicto
2933 4667 3119 4728 iudici
3167 4677 3230 4728 et
3276 4669 3383 4728 do-

827 4778 994 4840 mine
1041 4778 1390 4856 Elyzabeth
1436 4798 1550 4839 sue
1598 4777 1886 4852 consorti,
1955 4797 2070 4856 per
2113 4777 2427 4856 predictos
2488 4776 2728 4836 nobiles
2792 4775 3071 4855 predicte
3118 4795 3382 4856 genera-

783 4915 791 4923 ·
828 4886 1022 4947 cionis
1069 4887 1348 4965 ipsorum
1380 4885 1801 4963 Dobranychy
1849 4892 2091 4960 vocate,
2137 4885 2325 4945 modo
2372 4883 2677 4963 premisso
2711 4884 2939 4944 donate
2986 4892 3050 4943 et
3095 4883 3383 4944 remissa-

835 5013 994 5072 rum,
1043 4993 1514 5080 separacionem
1563 5002 1626 5060 et
1671 4992 2087 5060 statucionem
2130 4991 2483 5058 faciendam
2528 4990 2833 5078 legittime
2879 4990 3388 5072 destinassemus,
