3917 5592
3006 456 3126 528 117

560 676 1129 766 feseripcionalium
1171 688 1338 749 facta
1385 679 1722 762 confectaS,
1769 680 2004 747 tenoris
2038 696 2101 748 et
2133 680 2522 747 continencie
2570 686 3120 764 infrascriptorum,

560 802 844 871 petentes
891 814 1004 855 nos
1053 796 1268 855 humili
1331 816 1588 874 precum
1636 796 1962 867 instancia,
2026 794 2319 873 quatinus
2367 795 2445 853 de
2494 794 2688 853 verbo
2738 794 2817 853 ad
2867 794 3125 853 verbum

559 903 767 979 quoad
815 921 1034 963 omnes
1081 903 1178 962 sui
1225 902 1651 963 continencias
1685 910 1748 962 et
1779 902 2110 976 clausulaS,
2144 902 2435 961 articulos
2468 919 2718 980 quoque
2764 900 3124 961 transscribi

561 1018 624 1069 et
649 1008 1098 1087 transsumpmi
1120 1008 1440 1085 facienteS,
1468 1010 1665 1070 nostri
1713 1009 1898 1090 sigilli
1932 1008 2317 1088 appensione
2365 1008 2771 1088 dignaremur
2811 1008 3123 1067 roborare.

560 1117 842 1192 Quarum
890 1117 1141 1195 quidem
1187 1126 1368 1177 tenor
1413 1116 1465 1176 is
1514 1126 1643 1178 est:
1697 1117 1930 1192 (Vide
1979 1118 2138 1176 doc.
2190 1136 2242 1177 a.
2300 1113 2483 1175 1387.
2548 1114 2607 1175 4.
2657 1115 3125 1175 decembris

559 1223 706 1283 sub
754 1223 869 1283 No.
926 1220 1107 1299 109.).
1159 1224 1334 1301 [Nos]
1384 1225 1644 1302 proinde
1691 1224 1884 1299 iustiS‚
1933 1222 2051 1284 iuri
2098 1223 2389 1283 consonis
2434 1222 2855 1301 legitimisque
2904 1222 3117 1300 petici-

559 1331 781 1391 onibus
827 1331 965 1391 vice
1014 1339 1077 1390 et
1123 1332 1476 1391 nominibus
1525 1332 1750 1409 quibus
1784 1350 1975 1409 supra
2022 1332 2283 1391 fratrum
2330 1329 2713 1408 prefatorum
2758 1330 2937 1390 nobis
2984 1348 3125 1408 por-

551 1437 743 1500 rectis
790 1438 1216 1504 tauorabiliter
1261 1437 1551 1513 inclinati,
1583 1438 1860 1517 prefatas
1894 1438 2130 1499 litteras
2178 1438 2256 1497 de
2306 1438 2498 1497 verbo
2548 1438 2628 1497 ad
2677 1437 2938 1497 verbum
2986 1437 3119 1496 sine

559 1545 975 1606 diminucione
1025 1554 1088 1605 et
1134 1553 1476 1626 augmento
1524 1546 1735 1623 quoad
1768 1564 1989 1605 omnes
2036 1544 2133 1605 sui
2180 1544 2623 1619 continenciaS,
2651 1544 2965 1604 clausulas
3016 1545 3119 1621 [et]

561 1654 852 1713 articulos
898 1654 1263 1713 transscribi
1311 1662 1376 1713 et
1421 1652 1871 1731 transsumpmi
1915 1652 2235 1728 facientes,
2266 1652 2460 1712 nostri
2510 1651 2694 1732 sigilli
2741 1651 3126 1730 appensione

559 1761 847 1822 duximus
896 1762 1303 1831 roborandaS,
1351 1761 1774 1821 firmissimam
1820 1760 2095 1821 futuram
2129 1762 2209 1821 ad
2251 1761 2577 1820 cautelam.
2627 1760 2859 1818 Datum
2906 1767 3128 1837 quarto

558 1868 658 1935 die
719 1868 862 1928 festi
909 1870 1377 1943 PenthecosteS,
1437 1888 1602 1929 anno
1663 1868 1894 1928 domini
1957 1868 2283 1929 millesimo
2330 1866 2770 1930 trecentesimo
2832 1874 3127 1943 octoage-

557 1976 716 2035 simo
764 1984 1007 2036 octau0.

772 2114 1055 2184 originale
1093 2118 1538 2173 membraneum.
1580 2120 1875 2190 Appendet
1912 2134 2060 2172 zona
2096 2116 2311 2171 sericea
2356 2115 2593 2170 violacei
2636 2120 2691 2170 et
2728 2113 2879 2169 rubri
2922 2112 3127 2168 coloris

558 2204 770 2272 absque
809 2204 1007 2273 sigillo,
1081 2206 1142 2259 In
1182 2206 1415 2261 archivo
1455 2224 1674 2276 regnor.
1713 2207 1769 2263 C.
1811 2209 1863 2262 S.
1903 2211 1958 2262 et
1996 2208 2083 2261 D.:
2130 2208 2262 2261 Doc.
2306 2204 2475 2258 medii
2518 2204 2645 2259 aevi
2686 2220 2735 2257 a.
2776 2202 2947 2265 1387„
2987 2203 3123 2256 olim

557 2294 696 2347 Acta
735 2298 975 2349 monast.
1013 2296 1246 2350 Remete
1289 2298 1418 2351 fasc,
1458 2298 1495 2351 1.
1536 2297 1637 2352 No.
1679 2298 1764 2353 20.

1739 2583 1943 2651 11'4.

767 2780 952 2839 Anno
1009 2776 1191 2840 1388.
1241 2778 1343 2841 27.
1393 2781 1536 2841 iulii.
1583 2782 1956 2862 Zagrabiae.

557 2972 934 3039 Ladislaus
993 2973 1076 3037 de
1137 2974 1487 3039 Lossonch
1555 2974 1782 3039 banus
1826 2974 2251 3055 Sclavoniae‚
2322 2973 2627 3059 capitulo
2690 2972 3119 3049 Chasmensi,

554 3086 774 3146 metas
842 3082 1308 3166 possessionis
1389 3081 1867 3167 Gerdynazela
1933 3086 2233 3161 vocatae,
2308 3081 2739 3147 reambulari
2809 3080 3115 3145 mandat.

767 3282 1003 3343 Amicis
1056 3282 1184 3342 suis
1251 3282 1613 3342 reuerendis
1662 3282 1932 3361 capitulo
1998 3283 2262 3344 ecclesie
2310 3282 2721 3343 Chasmensis
2784 3279 3115 3343 Ladislaus

556 3390 634 3450 de
681 3391 1000 3450 Lossonch
1049 3390 1229 3469 regni
1275 3390 1608 3450 Sclauonie
1670 3391 1871 3451 banus
1922 3392 2270 3451 amiciciam
2336 3400 2625 3469 paratam
2673 3409 2815 3450 cum
2860 3390 3113 3448 honore.

553 3498 791 3558 Dicitur
850 3497 1030 3557 nobis
1078 3498 1140 3556 in
1185 3498 1470 3576 personis
1542 3498 1981 3577 religiosorum
2026 3500 2303 3559 virorum
2366 3498 2626 3558 fratrum
2672 3497 3113 3558 heremitarum

553 3606 784 3665 ordinis
856 3605 1056 3665 sancti
1121 3606 1300 3665 Pauli
1347 3606 1599 3665 claustri
1661 3607 1846 3669 beate
1915 3607 2177 3687 virginis
2236 3626 2431 3685 prope
2478 3606 2877 3687 Zagrabiam,
2947 3605 3115 3681 quod

546 3714 819 3791 quedam
846 3714 1164 3791 possessio
1196 3714 1474 3792 ipsorum
1500 3714 1939 3791 Gerdynazela
1970 3722 2347 3793 nuncupata,
2382 3716 2547 3791 apud
2582 3733 2803 3773 manus
2836 3712 3113 3789 ipsorum

545 3820 758 3880 habita
807 3830 870 3880 et
915 3821 1206 3901 existens,
1239 3821 1517 3901 legitima
1564 3823 2067 3882 reambulacione
2102 3841 2529 3899 nouarumque
2580 3830 2887 3883 metarum
2934 3839 3111 3881 reno-

546 3928 808 3988 uacione
857 3929 1187 4006 plurimum
1228 3929 1554 4009 indigeret,
1601 3950 1791 4008 super
1837 3951 1962 4009 quo
1998 3938 2272 3990 vestram
2321 3930 2670 3989 amiciciam
2717 3929 3111 4008 presentibus

546 4037 812 4116 petimus
861 4036 1208 4117 diligenter,
1256 4045 1566 4117 quatenus
1615 4047 1892 4098 vestrum
1940 4039 2199 4099 mittatis
2228 4038 2546 4097 hominem
2594 4056 2707 4115 pro
2755 4036 3108 4096 testimonio

545 4144 952 4225 fidedignum,
986 4164 1110 4223 quo
1158 4153 1449 4222 presente
1498 4145 1800 4225 magister
1831 4146 2189 4225 Stephanus
2237 4146 2316 4205 de
2364 4144 2684 4204 Lasseneh
2733 4163 2945 4203 comes
2992 4144 3111 4203 Za·

549 4252 900 4331 grabiensis
949 4254 1046 4312 vel
1093 4254 1476 4313 Laurencius
1509 4254 1668 4314 filius
1717 4254 1959 4313 Nicolai
1993 4255 2071 4314 de
2104 4254 2517 4316 Zomzedwar
2565 4254 2698 4313 siue
2727 4253 2899 4311 Iwan
2948 4251 3109 4310 filius

547 4360 800 4420 Iwahen
863 4360 941 4419 de
1005 4356 1394 4423 Berzenche¹
1464 4362 1598 4421 siue
1657 4362 1736 4421 de
1785 4360 2030 4439 Campo
2094 4361 2510 4442 Zagrabiensi
2572 4361 2665 4419 sin
2732 4358 3108 4419 Benedictus

545 4468 707 4528 filius
753 4468 1060 4546 Stephani
1105 4468 1213 4527 filii
1259 4468 1508 4529 Lucasii
1555 4469 1634 4529 de
1682 4468 1858 4529 Odra
1904 4489 2067 4530 neue
2116 4471 2272 4529 alter
2304 4468 2680 4528 Benedictus
2728 4467 2890 4525 filius
2938 4464 3108 4523 Petri

547 4576 626 4635 de
673 4568 1090 4654 Raquolnok,²
1122 4574 1256 4634 aliis
1305 4576 1666 4637 absentibus
1713 4578 1900 4637 homo
1949 4586 2178 4651 noster,
2233 4578 2311 4637 ad
2362 4576 2587 4643 faciem
2650 4574 2811 4633 dicte
2858 4591 3105 4651 posses-

547 4680 736 4741 sionis
784 4681 1222 4759 Gerdynazela
1269 4693 1508 4757 vocate,
1556 4683 1774 4743 vicinis
1823 4694 1886 4744 et
1932 4685 2380 4744 commetaneis
2428 4683 2557 4741 suis
2608 4679 2911 4740 vniuersis
2960 4678 3106 4737 inibi

547 4789 818 4869 legitime
885 4788 1246 4848 conuocatis
1293 4798 1354 4849 et
1401 4792 1792 4868 presentibus
1853 4792 2229 4865 accedendo,
2273 4790 2619 4861 reambulet
2666 4787 2933 4848 eandem
2994 4804 3104 4844 no-

547 4898 710 4956 mine
758 4896 906 4955 iuris
955 4896 1231 4974 ipsorum
1293 4896 1552 4957 fratrum
1599 4899 2045 4960 heremitarum
2110 4919 2224 4977 per
2272 4918 2419 4956 suas
2477 4916 2661 4956 veras
2710 4904 2771 4954 et
2820 4893 3105 4971 antiquas

545 5012 762 5079 metaS,
787 5022 984 5087 nouas
1033 5004 1202 5063 iuxta
1241 5014 1487 5065 veteres
1517 5006 1599 5065 -in
1645 5007 1795 5066 locis
1843 5007 2214 5079 necessariis
2248 5006 2567 5085 erigendO,
2615 5002 3099 5063 reambulatam-
