3917 5592
724 381 859 454 360

731 608 1150 686 procedend0‚
1199 615 1261 667 et
1306 605 1539 668 ibidem
1585 601 1768 668 metis
1829 599 1957 668 iam
2003 599 2183 667 dictis
2244 597 2590 667 terminatis
2649 596 2766 666 sub
2815 597 3052 666 eisdem
3112 596 3296 666 metis

732 715 885 776 sitas
933 723 996 776 et
1042 715 1415 792 existente83
1480 715 1627 776 item
1674 715 1877 776 eciam
1922 716 2226 794 quasdam
2277 716 2436 776 duas
2481 723 2684 775 terras
2751 715 3019 775 arabiles
3065 713 3286 773 infras-

727 822 975 901 criptaS,
1022 823 1085 883 in
1130 822 1439 883 territorio
1488 831 1553 882 et
1599 823 1998 902 pertinenciis
2045 823 2124 882 de
2170 823 2452 902 predicta
2497 823 2725 898 Losan,
2771 841 2964 882 unam
2994 819 3284 881 videlicet

723 939 957 990 terram
1006 931 1304 992 arabilem
1352 931 1414 991 in
1461 931 1665 991 littore
1710 931 1885 992 fiuvii
1928 931 2333 1009 Lompnycza
2378 931 2585 991 vocati
2634 930 2944 1005 situatam,
2990 949 3116 989 uno
3163 929 3288 988 fine

618 1063 625 1070 ·
726 1047 960 1100 metam
1005 1038 1305 1100 nobilium
1350 1040 1430 1099 de
1478 1039 1928 1116 Gustynnycza
1993 1040 2072 1099 ab
2121 1039 2376 1114 oriente,
2426 1047 2489 1100 et
2535 1039 2656 1100 alio
2721 1039 2844 1099 fine
2897 1045 3131 1098 metam
3177 1055 3288 1097 no-

723 1147 941 1208 bilium
987 1149 1067 1209 de
1114 1149 1561 1225 Wlkomerych
1610 1148 1689 1207 ab
1736 1148 2060 1208 occidente
2114 1147 2592 1228 pertingentem,
2640 1147 2826 1209 aliam
2871 1166 3024 1209 vero
3055 1155 3288 1207 terram

725 1256 787 1315 in
836 1257 1059 1317 eodem
1105 1256 1413 1316 territorio
1459 1275 1573 1316 seu
1622 1275 1845 1335 campo
1893 1263 1958 1316 et
2001 1256 2400 1334 pertinenciis
2447 1257 2527 1317 de
2576 1257 2800 1318 eadem
2846 1257 3075 1330 Losan,
3130 1233 3290 1315 inter

724 1371 925 1425 terras
956 1363 1378 1442 predictorum
1407 1363 1704 1423 nobilium
1737 1364 1816 1424 de
1848 1363 2018 1424 dicta
2048 1359 2594 1441 Guztztynnycza¹
2624 1365 2703 1424 ab
2737 1365 2991 1439 oriente,
3039 1370 3102 1423 et
3133 1362 3293 1423 inter

725 1478 925 1530 terras
961 1471 1229 1531 arabiles
1260 1470 1523 1549 predicti
1550 1471 1850 1531 Demetrii
1880 1470 1990 1531 filii
2019 1469 2214 1549 ipsius
2238 1471 2493 1532 Andree
2526 1471 2672 1531 dieti
2702 1471 2913 1532 Kusse
2949 1479 3011 1530 et
3035 1470 3294 1531 fratrum

725 1597 982 1639 suorum
1029 1580 1109 1640 ab
1156 1579 1479 1640 occidente
1526 1579 1709 1639 sitam
1759 1587 1821 1639 et
1867 1578 2254 1654 existentem,
2303 1587 2365 1639 et
2409 1579 2664 1658 insuper
2708 1581 2934 1640 totales
2980 1577 3290 1658 possessi-

730 1706 883 1748 ones
931 1695 995 1747 et
1038 1687 1367 1765 porciones
1413 1685 1943 1766 possessionarias
1991 1687 2186 1765 ipsius
2246 1689 2549 1749 Demetrii
2601 1689 2709 1748 filii
2762 1688 2987 1767 prefati
3033 1687 3288 1747 Andree

729 1795 937 1855 Kusse
983 1795 1147 1870 dicti,
1194 1796 1399 1855 ubivis
1446 1795 1509 1855 in
1556 1795 1869 1856 communi
1914 1795 2054 1855 loco
2087 1795 2238 1856 sitas
2279 1804 2342 1856 et
2374 1796 2730 1872 existenteS,
2768 1797 2991 1875 quovis
3023 1795 3290 1856 nominis

732 1902 1041 1962 vocabulo
1088 1903 1413 1978 vocitataS,
1459 1903 1663 1982 ipsum
1713 1902 1947 1963 scilicet
2007 1903 2396 1963 Demetrium
2457 1904 2650 1964 filium
2707 1904 2989 1965 eiusdem
3035 1902 3288 1963 Andree

725 2009 873 2070 dicti
918 2009 1145 2084 Kusse,
1216 2030 1255 2070 a
1322 2010 1566 2089 prefato
1612 2011 1945 2070 Valentino
2007 2011 2132 2071 filio
2193 2011 2389 2090 ipsius
2451 2013 2754 2088 Iwanecz,
2819 2009 3288 2090 consangvineo

728 2117 1020 2178 videlicet
1064 2137 1181 2178 suo
1228 2117 1449 2198 vigore
1496 2117 1824 2178 cuiusdam
1867 2118 2070 2178 littere
2117 2118 2520 2199 privilegialis
2568 2119 2836 2178 condam
2881 2117 3152 2178 Emerici
3184 2137 3286 2176 su-

723 2225 889 2304 pani,
934 2224 1043 2286 filii
1088 2226 1267 2285 Pauli
1312 2225 1419 2284 filii
1465 2226 1634 2302 olym
1664 2224 1875 2285 Iacobi
1922 2226 2001 2285 de
2049 2225 2417 2300 Korilowcz,
2463 2245 2577 2304 pro
2609 2234 2788 2304 parte
2831 2226 3118 2286 eiusdem
3161 2225 3285 2284 De-

727 2333 932 2395 metrii
977 2334 1313 2412 superinde
1360 2334 1476 2393 sub
1508 2334 1710 2414 sigillo
1756 2333 2054 2412 pendenti
2100 2333 2381 2394 eiusdem
2415 2335 2682 2395 condam
2727 2333 2997 2394 Emerici
3045 2331 3288 2411 supani,

730 2442 809 2502 de
860 2460 1025 2501 anno
1073 2441 1306 2502 domini
1350 2441 1678 2503 millesimo
1725 2440 2344 2522 quadringentesimo
2406 2437 2488 2500 L⁰
2531 2442 2742 2517 terci0‚
2803 2441 2960 2502 feria
3006 2440 3286 2502 secunda

727 2548 1014 2628 proxima
1060 2556 1204 2608 ante
1250 2548 1479 2608 festum
1526 2548 1802 2608 omnium
1851 2557 2228 2622 sanctorum,
2292 2548 2604 2628 Zagrabie
2677 2549 2957 2610 confecte
3007 2556 3069 2608 et
3116 2567 3284 2608 ema-

730 2663 895 2729 nate,
945 2675 1021 2716 ac
1068 2674 1279 2715 coram
1326 2655 1506 2715 nobis
1556 2655 1617 2714 in
1666 2655 1875 2733 specie
1923 2656 2366 2730 demonstrate,
2415 2656 2776 2716 donacionis
2835 2655 3012 2716 titulo
3061 2655 3176 2714 rite
3230 2662 3292 2714 et

730 2763 1034 2844 legittime
1083 2771 1549 2837 concernentes»,
1598 2762 1780 2822 simul
1826 2782 1969 2823 cum
2016 2763 2305 2824 omnibus
2335 2765 2674 2825 earundem
2706 2763 3180 2842 possessionum
3228 2769 3290 2822 et

728 2871 1097 2950 porcionum
1129 2870 1765 2948 possessionariarum
1798 2870 2180 2946 utilitatibuS,
2212 2872 2614 2949 proventibus
2649 2879 2711 2930 et
2735 2869 3289 2944 fructuositatibuS,

729 2977 1021 3038 videlicet
1065 2977 1279 3056 pratiS,
1325 2977 1595 3055 pascuiS,
1643 2977 1957 3037 montibus
2005 2985 2069 3038 et
2117 2978 2294 3056 aquis
2343 2997 2418 3041 ac
2465 2995 2772 3056 aquarum
2811 2977 3180 3038 decursibus
3228 2984 3294 3037 et

728 3085 1127 3164 pertinenciis
1174 3083 1499 3160 universiS,
1547 3085 1769 3165 quovis
1815 3085 2068 3146 nomine
2099 3084 2402 3160 vocitatis,
2451 3086 2533 3147 ad
2564 3086 2822 3146 easdem
2854 3085 3289 3164 possessiones

730 3201 795 3254 et
838 3193 1169 3274 porciones
1201 3192 1732 3271 possessionarias
1780 3211 2030 3271 semper
2062 3200 2125 3252 et
2157 3192 2235 3252 ab
2271 3193 2524 3271 antiquo
2556 3194 2636 3254 de
2683 3193 2815 3253 iure
2863 3191 3292 3271 spectantibus

732 3308 795 3363 et
838 3300 1289 3380 pertinentibus
1357 3318 1431 3359 ac
1494 3307 1778 3378 spectare
1827 3309 1890 3359 et
1918 3298 2230 3377 pertinere
2264 3299 2649 3375 debentibus,
2696 3299 2938 3378 prefato
2972 3298 3294 3360 Demetrio

729 3408 857 3472 filio
904 3408 1099 3487 ipsius
1139 3407 1394 3467 Andree
1444 3407 1590 3467 dicti
1636 3407 1861 3480 Kusse,
1907 3407 2215 3483 premisso
2264 3405 2624 3466 donacionis
2672 3405 2846 3467 titulo
2894 3405 3011 3465 sibi
3058 3405 3293 3465 incum-

727 3515 917 3590 benti,
980 3533 1056 3574 ac
1118 3529 1232 3591 per
1279 3533 1423 3573 eum
1470 3513 1665 3572 Paulo
1713 3519 1775 3571 et
1820 3513 2008 3571 Petro
2068 3532 2142 3572 ac
2189 3512 2469 3591 Georgio
2520 3520 2580 3571 et
2627 3511 2882 3574 Iohanni
2929 3512 3070 3572 filiis
3142 3511 3294 3584 eiuS,

728 3622 900 3702 ipsos
961 3621 1027 3680 in
1073 3620 1413 3681 dominium
1486 3619 1825 3680 earundem
1888 3620 2358 3697 possessionum
2422 3627 2484 3681 et
2536 3620 2898 3697 porcionum
2945 3618 3296 3697 possessio-

730 3730 1045 3794 nariarum
1094 3729 1400 3809 legittime
1446 3728 1909 3788 introducentes
1958 3735 2324 3802 statuerunt,
2383 3727 2516 3787 iure
2563 3737 2862 3806 perpetuo
2909 3728 2974 3787 in
3027 3727 3296 3788 heredes

729 3837 1033 3897 heredum
1081 3855 1299 3896 eorum
1344 3833 1757 3916 possidendas
1806 3853 1882 3894 ac
1928 3833 2100 3893 iuxta
2163 3833 2340 3913 regni
2388 3835 2901 3895 consvetudinem
2947 3835 3293 3915 quomodo-

730 3963 977 4023 cunque
1046 3943 1356 4003 voluerint
1402 3942 1842 4020 disponendas„
1912 3941 2162 4001 nemine
2227 3940 2473 4018 penitus
2544 3942 3024 4016 contradicente,
3095 3942 3294 4001 tribus

731 4050 952 4110 diebus
985 4050 1294 4111 continuis
1341 4058 1404 4109 et
1448 4048 1766 4128 legittimis
1813 4047 1988 4107 iuxta
2033 4045 2213 4127 regni
2245 4049 2759 4111 consvetudinem
2790 4067 3032 4108 moram
3063 4048 3297 4109 ibidem

728 4157 1019 4220 faciendo
1052 4159 1464 4238 personalem.
1512 4157 1580 4215 In
1612 4174 1879 4234 quorum
1911 4156 2190 4215 omnium
2233 4155 2682 4232 premissorum
2726 4155 3146 4216 testimonium
3193 4156 3297 4215 fir-

730 4267 1139 4346 mitatemque
1172 4272 1557 4344 perpetuam,
1604 4263 1999 4341 presentibus
2045 4262 2264 4322 litteris
2310 4262 2537 4322 nostris
2584 4262 3042 4324 introductoriis
3075 4271 3140 4325 et
3170 4271 3296 4323 sta-

730 4372 974 4433 tutoriis
1007 4373 1213 4453 sigilla
1244 4379 1457 4430 nostra
1490 4369 1671 4430 solita
1703 4369 1993 4429 duximus
2027 4369 2458 4446 appendenda.
2506 4369 2738 4430 Datum
2765 4369 3100 4448 Zagrabie,
3143 4369 3301 4429 feria

732 4480 1017 4540 secunda
1062 4477 1345 4558 proxima
1406 4484 1551 4555 post
1610 4476 1838 4535 festum
1886 4475 2312 4536 conversionis
2358 4475 2529 4535 beati
2572 4476 2750 4536 Pauli
2796 4477 3078 4555 apostoli,
3135 4495 3300 4542 anno

730 4587 967 4648 domini
1014 4586 1340 4648 millesimo
1388 4582 2007 4664 quadringentesimo
2054 4576 2137 4645 L⁰
2183 4590 2378 4644 sexto.

950 4744 1237 4815 originale
1275 4745 1720 4812 membraneum,
1778 4743 2105 4812 appendent
2143 4741 2255 4796 duo
2294 4742 2491 4811 sigilla,
2548 4739 2788 4810 primum
2829 4757 2864 4796 a
2901 4759 3048 4797 zona
3085 4743 3303 4798 sericea

731 4835 979 4890 coerulei
1019 4833 1247 4904 coloriz,
1285 4833 1517 4888 exhibet
1552 4832 1613 4887 in
1650 4837 1811 4887 scuto
1850 4831 2125 4887 circinum
2162 4829 2492 4900 (Kostib01);
2532 4829 2686 4884 aliud
2735 4833 2924 4885 autem
2959 4846 2996 4886 a
3029 4847 3176 4886 zona
3213 4847 3302 4886 se-

729 4925 891 5006 ricea·
920 4926 1100 4978 rubea
1134 4923 1404 4993 pendens,
1443 4922 1673 4976 exhibet
1710 4921 1769 4976 in
1810 4921 1999 4976 medio
2042 4921 2189 4974 inter
2227 4917 2369 4973 duos
2395 4921 2745 4996 ramusculos
2783 4921 3000 4987 galeam
3039 4921 3114 4974 ad
3151 4921 3302 4976 dext.
