3917 5592
3004 494 3126 557 131·

563 728 806 772 necnon
853 709 1220 785 Dalmatiae,
1286 710 1583 771 Croatiae
1631 718 1694 771 et
1738 711 2113 771 Sclauoniae
2159 712 2410 785 bannm,
2473 712 2552 772 de
2601 711 2843 773 actibus
2909 720 3125 791 poten-

563 817 756 880 tiariis
801 818 1068 878 filiorum
1132 818 1431 878 Mazthen
1478 817 1540 878 in
1589 818 1989 896 possessione
2044 819 2333 879 Hrascha
2378 820 2769 899 perpetratiS,
2828 827 2971 899 post
3017 839 3130 898 per

563 926 818 985 Petrum
881 924 1073 985 filium
1119 924 1438 1005 Stephani,
1486 924 1772 989 iudicem·
1803 923 2119 1000 nobilium,
2180 926 2414 987 iactam
2460 924 2937 1005 inquisitionem,
2997 944 3128 986 cer-

563 1030 786 1095 tiorem
833 1030 1086 1093 faciunt.

773 1170 1016 1225 Ioannes
1053 1170 1295 1239 Tkalcic,
1333 1170 1481 1228 Mon.
1521 1170 1650 1227 hist.
1690 1164 1849 1227 civit.'
1879 1171 2188 1241 Zagrabiae
2225 1172 2266 1226 1.
2303 1188 2356 1241 p.
2394 1170 2517 1226 346.
2551 1200 2605 1211 -
2628 1170 2915 1241 originale
2953 1171 3115 1226 char-

568 1263 807 1318 taceum.
883 1258 1132 1335 Vestigia
1169 1260 1531 1319 solummodo
1571 1261 1813 1319 duorum
1851 1260 2181 1337 sigillorum.
2238 1261 2301 1320 In
2339 1260 2573 1322 archivo
2612 1261 2764 1319 civit.
2802 1260 3125 1336 Zagrabiae.

1749 1584 1792 1653 1
1807 1584 1956 1656 30.

778 1784 962 1845 Anno
1019 1780 1202 1846 1393.
1253 1783 1355 1845 21.
1403 1785 1566 1847 maii.
1615 1786 1684 1847 In
1731 1785 1965 1867 Vigles.

775 1981 1220 2061 Sigismundus
1267 1982 1635 2062 Hungariae
1684 1990 1797 2043 etc,
1825 2001 1950 2057 rex,
2000 1982 2269 2062 capitulo
2303 1982 2610 2043 ecclesiae
2658 1982 3121 2063 ZagrabiensiS,

565 2108 748 2150 suum
832 2088 1148 2149 hominem
1215 2108 1330 2168 pro
1417 2089 1774 2150 testimonio
1859 2090 2246 2171 fidedignum
2332 2088 2506 2165 mitti,
2596 2109 2720 2169 quo
2790 2098 3123 2169 praesente

569 2196 886 2277 Georgius
955 2196 1118 2257 filius
1187 2196 1396 2257 Iacobi
1459 2197 1539 2257 de
1604 2196 1954 2257 Moraucha
2023 2197 2123 2257 vel
2192 2198 2425 2258 Paulus
2500 2204 2608 2258 aut
2668 2196 2962 2275 Mychael
3029 2197 3137 2258 filii

569 2304 842 2365 Machen
901 2304 981 2365 de
1043 2303 1366 2382 Mykulich
1427 2304 1562 2365 sive
1629 2305 1959 2365 Ladislaus
2022 2304 2184 2391 filius
2232 2302 2545 2366 Valentini
2604 2305 2683 2365 de
2749 2304 3136 2383 Lompnicha

566 2432 682 2473 seu
725 2412 974 2473 Blasius
1021 2412 1182 2473 filius
1215 2412 1440 2473 Medes
1487 2413 1568 2473 de
1613 2414 1792 2473 Zaua
1823 2432 1905 2473 an
1937 2412 2131 2473 Vorih
2178 2411 2340 2473 filius
2372 2411 2733 2495 Hermanni
2781 2412 2859 2473 de
2906 2413 3135 2501 Zenth-

563 2521 741 2595 lozIO‚
814 2521 892 2581 de
953 2518 1136 2580 factis
1206 2519 1592 2598 potentiariis
1662 2539 1775 2600 per
1827 2520 2093 2581 Paulum
2160 2527 2223 2580 et
2285 2520 2665 2600 Gregorium
2732 2520 2988 2581 Mazten
3058 2520 3136 2581 de

567 2626 826 2701 Chicha,
873 2626 938 2687 in
983 2626 1385 2706 possessione
1433 2626 1662 2687 civium
1709 2627 2268 2708 Montisgrecensis
2332 2628 2411 2687 de
2473 2626 2808 2709 Zagrabia,
2837 2628 3134 2715 —Hrastha

567 2742 794 2795 vocata
839 2733 1212 2815 perpetratis
1260 2733 1546 2814 inquiret,
1609 2754 1683 2795 ac
1704 2796 1708 2799 ,
1733 2735 1991 2796 eosdem
2038 2734 2197 2797 filios
2256 2736 2509 2796 Mazten
2558 2736 2639 2795 ad
2684 2734 2979 2796 iudicium
3025 2735 3135 2795 ba-

565 2842 706 2904 nale
754 2841 964 2916 citare,
1014 2848 1078 2902 et
1121 2841 1239 2903 sibi
1285 2862 1399 2921 pro
1447 2841 1734 2903 examine
1782 2842 1999 2905 referri
2044 2840 2270 2918 facere,
2317 2842 2504 2903 iubet.
3126 2839 3129 2842 ’

775 2982 1018 3037 Ioannes
1038 2980 1280 3045 Tkalcic,
1304 2980 1452 3039 Mon.
1477 2982 1605 3039 hist.
1627 2983 1780 3039 civit.
1805 2983 2114 3053 Zagrabiae
2134 2984 2172 3039 1.
2198 2982 2321 3038 347.
2350 3014 2402 3023 -
2434 2982 2719 3053 originale
2746 2984 3123 3041 chartaceum.

564 3070 612 3127 A
649 3073 804 3145 tergo
840 3086 1175 3145 appi-essum
1211 3072 1474 3147 sigillum.
1513 3074 1574 3130 Iu
1611 3073 1844 3131 archivo
1883 3073 2129 3131 civitatis
2178 3071 2501 3146 Zagrabiae.

1753 3360 1956 3432 131.

782 3561 966 3623 Anno
1024 3558 1208 3623 1393.
1266 3560 1360 3623 10.
1410 3560 1551 3623 iulii.

577 3754 982 3839 Capitulum
1027 3756 1350 3822 ecclesiae
1379 3756 1894 3843 ZagrabiensiS,
1940 3758 2187 3821 literas
2216 3777 2388 3821 suas
2432 3778 2492 3820 α.
2525 3755 2709 3838 1278.
2757 3760 3137 3834 emanatas,

571 3866 701 3947 pro
761 3862 1004 3931 Blasio
1073 3866 1138 3930 et
1207 3863 1516 3932 Iohanne
1572 3864 1763 3951 filiis
1833 3864 2017 3929 Wolk
2074 3864 2229 3950 filii
2298 3862 2583 3930 Branch
2650 3863 2731 3929 de
2798 3863 3139 3951 Rakarya‚

1650 3972 2058 4038 transumit.

787 4170 1146 4251 Capitulum
1194 4172 1456 4232 ecclesie
1518 4170 1966 4253 Zagrabiensis
2014 4170 2301 4231 omnibus
2368 4170 2602 4232 Christi
2648 4171 2937 4233 fidelibus
3000 4191 3137 4250 pre-

575 4277 851 4339 sentibus
912 4277 1146 4357 pariter
1192 4286 1254 4338 et
1300 4278 1518 4339 futuris
1581 4278 1977 4357 presencium
2024 4278 2319 4339 noticiam
2379 4276 2681 4340 habituris
2750 4280 3015 4340 salutem
3076 4278 3137 4338 in

575 4384 788 4445 salutis
835 4386 1148 4467 largitore.
1196 4386 1299 4445 Ad
1345 4386 1782 4447 vniuersorum
1829 4386 2120 4447 noticiam
2184 4388 2408 4447 harum
2454 4385 2615 4447 serie
2663 4388 2951 4455 volumus
2998 4406 3135 4466 per-

578 4491 804 4567 uenire,
865 4493 1034 4572 quod
1081 4492 1328 4553 Blasius
1377 4500 1440 4553 et
1483 4491 1792 4555 Iohannes
1856 4492 1962 4553 filii
2009 4494 2200 4554 Wolk
2245 4493 2354 4554 filii
2399 4492 2649 4553 Branch
2698 4494 2776 4553 de
2822 4494 3134 4571 Rakarya,

577 4609 848 4660 nostram
893 4600 1306 4679 personaliter
1353 4602 1727 4663 accedentes
1759 4602 1822 4662 in
1853 4601 2264 4680 presenciam,
2313 4600 2724 4661 exhibuerunt
2771 4607 2833 4660 et
2878 4619 3137 4679 presen-

577 4714 782 4767 tarunt
841 4707 1020 4768 nobis
1069 4708 1378 4787 quasdam
1438 4708 1648 4769 literas
1711 4708 2096 4769 serenissimi
2156 4706 2448 4787 principis
2496 4714 2559 4767 et
2606 4706 2839 4767 domini
2907 4706 3139 4767 domini

577 4813 958 4894 sigismundi
1003 4814 1104 4875 dei
1154 4816 1373 4896 gracia
1419 4814 1668 4876 illustris
1703 4815 1870 4895 reg-is
1919 4816 2263 4895 Hungarie‚
2312 4814 2652 4889 Dalmacie,
2700 4813 2968 4876 Croacie
3019 4824 3137 4875 etc.

577 4922 1079 5002 marchionisque
1125 4921 1756 5003 Brandenburgensis
1805 4931 1938 4998 etc.,
2000 4922 2233 4983 domini
2280 4920 2474 4982 nostri
2520 4921 2837 4997 naturaliS,
2898 4942 3013 4983 suo
3060 4921 3138 4981 si-

579 5028 726 5120 gillo
771 5037 1015 5096 secreto
1061 5030 1482 5119 consignatas,
1528 5029 1592 5091 in
1624 5030 1849 5119 quibus
1897 5029 2079 5097 nobis
2110 5029 2543 5106 mandabatur,
2591 5030 2760 5109 quod
2788 5028 2923 5108 ipsi,
2970 5028 3139 5092 vide-

2964 5184 2995 5231 ἡ
