3917 5592
3108 456 3179 579 7.

593 688 729 742 tota
773 676 1194 762 generacione
1241 698 1358 742 sua
1420 698 1494 743 ex
1543 698 1669 743 vna
1715 688 1910 761 parte,
1974 701 2219 743 necnon
2264 680 2493 743 Iunosa
2557 678 2780 742 eodem
2828 685 3013 743 modo
3076 702 3149 743 ex

596 790 792 850 altera
839 792 918 851 ad
966 800 1244 851 nostram
1304 800 1705 851 accesserunt
1751 792 2160 870 presenciam,
2225 801 2288 850 et
2332 811 2476 851 cum
2521 792 2584 850 in
2631 802 2846 851 nostra
2889 791 3154 851 fuissent

593 899 908 959 constituti
937 900 1281 978 presencia,
1328 910 1708 959 memoratus
1740 899 2029 960 Andreas
2078 919 2291 960 coram
2322 899 2501 959 nobis
2547 899 2831 977 promisit
2858 900 3153 958 Iunosam

594 1026 708 1085 pro
754 1016 922 1068 terra
953 1008 1277 1082 Mosocha,
1325 1027 1438 1087 pro
1469 1027 1595 1087 qua
1639 1008 1930 1068 Andreas
1964 1017 2027 1068 et
2056 1008 2224 1068 idem
2270 1009 2499 1067 Iunosa
2546 1007 2707 1067 inter
2737 1026 2805 1066 se
2836 1006 3155 1067 habebant

595 1117 1150 1191 concertacionem‚
1212 1116 1509 1195 deinceps
1574 1134 1701 1175 non
1753 1116 2196 1193 impetiturum,
2259 1116 2585 1194 ipsamque
2634 1125 2867 1174 terram
2928 1116 3153 1174 Iunose

595 1232 658 1283 et
699 1224 814 1283 toti
860 1224 1261 1305 generacioni
1308 1243 1439 1299 sue,
1487 1224 1694 1303 quiete
1741 1232 2045 1302 perpetuo
2084 1224 2407 1301 possidere
2438 1222 2735 1302 permisit,
2783 1222 3155 1283 renuncians

595 1331 762 1391 omni
794 1331 927 1406 iuri,
975 1333 1144 1410 quod
1174 1333 1408 1392 habere
1439 1352 1507 1392 se
1541 1332 1789 1392 dicebat
1820 1331 1884 1391 in
1916 1340 2084 1392 terra
2116 1332 2493 1410 supradicta,
2540 1332 2628 1392 ita
2660 1333 2829 1410 quod
2859 1332 3169 1407 deinceps

595 1458 712 1499 nec
774 1439 910 1517 ipse
970 1440 1262 1499 Andreas
1309 1459 1427 1500 nec
1488 1440 1821 1519 posteritas
1869 1440 2064 1517 ipsius
2127 1440 2353 1499 Iunose
2414 1459 2529 1517 pro
2590 1447 2759 1500 terra
2812 1447 3159 1497 memorata

595 1547 865 1626 aliquam
893 1555 1109 1625 posset
1153 1566 1408 1608 mouere
1442 1548 1848 1626 questionem.
1898 1547 2096 1607 Cuius
2142 1556 2307 1607 terre
2342 1556 2545 1607 metas
2592 1566 2704 1625 per
2737 1546 3157 1607 assercionem

595 1654 912 1733 Vtriusque
976 1656 1171 1734 partis
1215 1657 1376 1716 tales
1422 1674 1562 1715 esse
1629 1654 2072 1735 cognouimus:
2138 1638 2339 1732 prima
2386 1662 2554 1715 meta
2599 1654 2812 1733 incipit
2859 1672 2896 1713 a
2942 1654 3157 1732 lipow-

593 1764 824 1842 naguel
836 1757 870 1837 ¹,
919 1771 981 1823 et
1027 1762 1170 1823 inde
1217 1763 1388 1823 venit
1411 1763 1471 1821 in
1505 1763 1819 1842 quendam
1851 1763 2111 1822 fluuium
2159 1762 2407 1823 nornine
2448 1756 2883 1843 Loguauech,²
2930 1761 3157 1821 abinde

595 1868 720 1929 exit
765 1877 827 1930 et
873 1871 1044 1933 venit
1103 1872 1182 1931 ad
1233 1871 1518 1930 arborem
1584 1870 1737 1930 ilicis
1785 1879 1848 1930 et
1893 1870 1955 1929 in
2006 1870 2230 1929 eadem
2285 1871 2507 1930 arbore
2556 1878 2654 1929 est
2699 1889 2866 1942 crux,
2933 1868 3157 1928 deinde

593 1977 765 2036 vadit
812 1978 893 2036 ad
939 1956 1188 2051 metam,
1237 1998 1357 2057 que
1406 1985 1667 2037 vocatur
1713 1970 2179 2057 dobowgurni,³
2217 1977 2361 2037 inde
2408 1977 2579 2037 venit
2626 1979 2707 2037 ad
2738 1984 2987 2050 metam,
3036 1994 3157 2053 que

595 2084 784 2163 vulgo
831 2085 1054 2145 dicitur
1101 2085 1402 2145 Litiweeh
1449 2094 1667 2146 contra
1694 2086 2036 2159 meridiem,
2085 2092 2147 2145 et
2193 2084 2277 2144 ibi
2324 2086 2543 2145 dextra
2592 2104 2737 2162 pars
2784 2093 2947 2144 terre
2996 2082 3160 2142 cedit
3203 2078 3209 2085 ’

593 2191 654 2250 in
702 2191 1044 2251 dominium
1093 2193 1366 2270 Endrey,
1411 2193 1662 2253 sinistra
1709 2212 1860 2253 vero
1909 2194 2133 2253 Iunose
2166 2199 2509 2271 permanet,
2558 2192 2784 2251 deinde
2832 2190 3003 2251 venit
3047 2207 3161 2268 per

599 2298 766 2359 viam
826 2300 1146 2377 quandam
1195 2300 1276 2359 ad
1323 2308 1576 2375 metam,
1625 2321 1745 2379 que
1809 2302 2000 2379 uulgo
2048 2300 2270 2360 dicitur
2331 2292 2808 2379 ternowgurni,⁴
2870 2299 2948 2358 ab
3015 2298 3157 2357 inde

595 2406 767 2466 vadit
812 2426 926 2485 per
988 2406 1157 2467 viam
1205 2415 1267 2467 et
1313 2408 1484 2467 venit
1546 2409 1626 2468 ad
1685 2409 1944 2468 alteram
1995 2415 2274 2467 veterem
2337 2406 2506 2467 viam
2552 2426 2775 2467 versus
2835 2406 3158 2466 meridiem

597 2532 710 2591 per
752 2521 993 2574 terreas
1054 2524 1255 2575 metas
1305 2522 1366 2575 et
1412 2534 1633 2585 cruces
1699 2514 1941 2594 ligneas
1990 2515 2053 2575 in
2102 2515 2445 2589 arboribuS,
2511 2524 2573 2573 et
2618 2514 2791 2575 venit
2844 2516 2925 2574 ad
2972 2520 3159 2591 caput

592 2621 775 2681 vnius
823 2622 1011 2699 putei,
1059 2622 1203 2681 inde
1251 2642 1366 2700 per
1411 2623 1706 2700 paludem
1752 2623 1924 2682 venit
1973 2624 2054 2682 ad
2100 2642 2401 2703 magnam
2446 2623 2633 2698 viam,
2697 2622 2803 2681 vbi
2850 2629 2947 2682 est
2992 2629 3159 2681 meta

593 2736 814 2803 terrea,
863 2728 1088 2789 deinde
1135 2750 1249 2808 per
1294 2750 1596 2811 magnam
1641 2730 1810 2790 viam
1856 2730 2029 2791 venit
2074 2750 2297 2792 versus
2345 2730 2669 2791 meridiem
2718 2738 2781 2789 et
2826 2730 2889 2789 in
2936 2731 3159 2790 eadem

592 2856 830 2917 magna
874 2838 979 2897 via
1023 2846 1193 2897 terra
1239 2838 1464 2899 Iunose
1511 2846 1795 2899 remanet
1842 2840 1923 2898 ad
1970 2838 2291 2913 orientem,
2371 2846 2539 2897 terra
2584 2856 2736 2897 vero
2783 2837 3016 2896 Endrei
3061 2857 3157 2896 re-

593 2952 803 3004 manet
862 2946 944 3004 ad
990 2944 1396 3019 occidentem,
1457 2946 1601 3005 inde
1649 2966 1762 3023 per
1825 2946 2093 3005 eandem
2140 2964 2439 3024 magnam
2502 2943 2670 3003 viam
2720 2945 2943 3018 eundo,
2990 2944 3160 3003 venit

592 3051 655 3110 in
701 3070 964 3130 paruam
1011 3052 1240 3112 vallem
1288 3060 1350 3111 et
1396 3052 1540 3112 inde
1589 3052 1872 3112 ascendit
1903 3053 1984 3111 ad
2014 3052 2436 3127 monticulum,
2484 3052 2590 3110 vbi
2638 3060 2734 3111 est
2778 3059 2949 3111 meta
2994 3051 3160 3110 circa

592 3159 882 3220 arborem
945 3160 1132 3239 pomi,
1195 3161 1362 3220 circa
1409 3180 1598 3239 quam
1647 3168 1743 3221 est
1803 3168 1974 3220 meta
2018 3168 2242 3235 terrea,
2309 3160 2533 3220 deinde
2580 3179 2695 3239 per
2756 3159 3159 3219 monticulum

591 3266 764 3326 venit
809 3268 889 3327 ad
935 3268 1212 3341 fluuium,
1261 3267 1368 3345 qui
1414 3275 1676 3327 vocatur
1707 3268 2239 3343 Suchamosocha,
2290 3268 2515 3327 abinde
2564 3287 2785 3327 versus
2815 3267 3156 3342 meridiem,

591 3373 762 3434 venit
807 3374 870 3433 in
917 3376 1234 3453 quandam
1282 3376 1570 3435 arborem
1615 3376 1865 3435 nomine
1897 3376 2173 3455 bugueu,
2222 3375 2365 3439 inde
2415 3376 2496 3435 ad
2529 3375 2816 3434 arborem
2864 3374 3047 3447 sorbi,
3097 3381 3160 3434 et

592 3482 735 3542 inde
783 3482 961 3547 venit
983 3483 1067 3542 ad
1097 3483 1264 3543 viam
1309 3484 1646 3558 Iamnicha,
1676 3492 1739 3544 et
1771 3484 1860 3543 sic
1905 3503 2019 3561 per
2068 3484 2266 3543 dictas
2299 3490 2500 3542 metas
2534 3482 2706 3542 venit
2740 3483 2820 3542 ad
2859 3471 3158 3561 magnam

593 3590 759 3649 viam
813 3592 1064 3650 nomine
1113 3592 1386 3670 Gorsqui
1448 3602 1512 3652 et
1555 3592 1640 3651 ibi
1685 3592 2097 3652 terminantur
2153 3592 2327 3651 iuxta
2372 3600 2605 3651 terram
2667 3588 2997 3649 Crachoni.
3090 3590 3157 3647 In

592 3698 767 3757 cuius
816 3698 903 3757 rei
950 3699 1372 3785 testimonium
1419 3706 1745 3777 presentes
1779 3700 2161 3760 confecimus
2210 3700 2445 3760 litteras
2493 3699 2677 3779 sigilli
2718 3698 2914 3757 nostri
2960 3696 3157 3755 muni-

591 3804 756 3865 mine
805 3806 1148 3866 roboratas
1197 3807 1524 3886 Regnante
1563 3805 2015 3885 gloriosissimo
2062 3808 2217 3867 Bela
2264 3826 2434 3887 rege,
2468 3809 2628 3867 duce
2677 3813 2739 3865 et
2783 3806 2949 3864 bano
2998 3804 3156 3865 exis-

590 3918 763 3972 tente
809 3913 1110 3988 Dionisi0,
1158 3914 1478 3973 quancha
1525 3914 1828 3973 existente
1877 3916 2103 3975 comite
2152 3915 2581 3995 Zagrabiensi,
2629 3914 2949 3991 Stephano
2998 3913 3157 3973 exis-

591 4028 763 4080 tente
811 4020 1085 4080 antistite
1133 4020 1563 4101 Zagrabiensi,
1609 4020 1746 4081 Fila
1793 4020 2097 4082 existente
2128 4023 2445 4101 preposito
2493 4020 2923 4103 Zagrabiensi‚
2971 4021 3158 4081 Petro

592 4127 898 4189 existente
945 4136 1200 4189 cantore
1245 4128 1675 4209 Zagrabiensi‚
1723 4128 1975 4189 Barano
2021 4132 2269 4204 lectore,
2318 4130 2628 4211 Gregorio
2678 4130 2952 4203 custode,
3002 4128 3158 4187 Cor-

593 4235 757 4295 nelio
790 4237 1047 4296 decano,
1094 4237 1327 4296 Datum
1376 4256 1540 4295 anno
1573 4235 1806 4296 Christi
1854 4236 2181 4296 millesimo
2213 4237 2641 4297 ducentesimo
2671 4236 3159 4316 quadragesimo

595 4345 892 4404 secundo.

806 4484 848 4537 E
898 4487 1252 4553 transumpto
1306 4484 1536 4554 capituli
1587 4484 1952 4539 Chasmensis
2005 4499 2156 4539 anno
2197 4483 2353 4538 1627.
2395 4483 2478 4539 12.
2519 4484 2658 4546 iulii,
2709 4483 2781 4538 ad
2827 4481 3157 4537 instantiam

588 4574 868 4629 nobilium
918 4575 1147 4631 Ioannis
1183 4574 1470 4645 Iagneich,
1523 4575 1774 4631 Simonis
1824 4576 1975 4629 Rusz
2026 4577 2082 4629 et
2132 4574 2360 4629 Ioannis
2416 4572 2787 4629 Ladomerich
2840 4574 2909 4627 de
2960 4572 3156 4641 Super.

587 4664 865 4733 Lukavec,
929 4665 1204 4719 confecto.
1280 4663 1564 4733 Originale
1621 4666 1679 4721 in
1736 4679 2079 4735 pargatneno
2132 4663 2397 4732 scriptum
2464 4668 2598 4717 erat.
2662 4664 2739 4716 Ex
2797 4663 2927 4717 alba
2988 4662 3160 4716 corda

589 4752 808 4809 sericea
844 4753 1125 4823 pendebat
1164 4754 1408 4822 sigillum
1449 4756 1773 4823 capitulare.
1850 4754 2016 4824 Apud
2054 4752 2304 4808 nobilem
2344 4754 2567 4807 Petrum
2622 4752 2829 4821 Cigetic
2866 4752 2924 4804 in
2964 4751 3158 4820 Super.

587 4844 852 4899 Lukavec
891 4842 998 4899 No.
1039 4843 1124 4897 13.

813 5022 826 5053 ¹
867 5023 962 5077 sic.
1043 5025 1061 5054 ³
1100 5023 1196 5077 sic.
1277 5022 1296 5051 ³
1333 5022 1428 5076 sic.
1509 5023 1526 5051 ⁴
1567 5022 1663 5077 sic.
