3917 5592
800 456 885 519 96

799 683 962 734 terre
1010 694 1121 734 seu
1172 673 1587 753 possessionis
1628 674 1955 747 antedicte,
1991 681 2173 751 prout
2221 673 2409 735 iidem
2456 676 2698 747 Petru8‚
2748 674 3095 753 Gregorius
3143 681 3206 733 et
3241 674 3356 732 La-

802 784 1035 843 dislaus
1083 783 1261 843 nobis
1311 783 1668 856 retulerunt,
1732 783 1851 842 hoe
1898 782 2114 842 ordine
2162 783 2640 859 protenduntur:
2688 780 2890 860 prima
2936 782 3148 859 itaque
3195 790 3362 841 meta

802 890 1013 969 incipit
1062 910 1099 950 a
1148 899 1316 949 meta
1361 890 1660 951 sessionis
1708 890 2136 967 Sylakowyna
2203 898 2442 963 vocate,
2491 908 2614 968 que
2673 897 2770 950 est
2826 908 3022 967 prope
3083 896 3148 948 et
3193 888 3362 948 iuxta

804 998 1071 1057 eandem
1139 999 1607 1077 possessionem
1678 1006 1741 1058 et
1808 998 2008 1058 tendit
2076 997 2310 1057 directe
2380 1005 2599 1056 contra
2663 1015 2913 1056 cursum
2976 1015 3138 1075 aque
3191 994 3362 1055 fluuii

805 1107 1023 1179 Bwna‚
1074 1114 1135 1165 et
1180 1125 1293 1184 per
1341 1106 1609 1166 eundem
1657 1105 1880 1165 transit
1926 1105 2213 1183 superius
2263 1104 2708 1193 ad·quandam
2755 1104 2924 1163 viam
2971 1123 3270 1183 magnam
3302 1110 3364 1163 et

805 1215 885 1273 ab
933 1213 1071 1292 ipsa
1118 1212 1221 1273 via
1268 1214 1457 1273 currit
1504 1214 1585 1273 ad
1630 1213 2186 1290 Zobobynadraga
2231 1230 2429 1289 penes
2475 1219 2678 1271 metas
2727 1212 3045 1290 quondam
3091 1210 3364 1270 Ladjslai

804 1322 1107 1400 swppani,
1157 1322 1235 1381 de
1282 1322 1427 1381 hine
1474 1322 1683 1401 itaque
1731 1320 1952 1381 transit
2001 1320 2082 1380 ad
2129 1320 2388 1380 fluuium
2434 1320 2901 1397 Hramylsnyak
2935 1326 2998 1379 et
3029 1320 3109 1379 ab
3141 1319 3365 1379 eodem

804 1431 865 1490 in
912 1429 1078 1489 bono
1146 1430 1360 1508 spacio
1427 1430 1663 1510 regirat
1729 1429 1811 1490 ad
1871 1429 2136 1507 primam
2185 1436 2439 1502 metam,
2488 1428 2551 1487 in
2598 1447 2725 1507 qua
2770 1427 2984 1506 incipit
3029 1435 3095 1486 et
3137 1426 3367 1485 ibidem

802 1536 1229 1598 terminantur.
1322 1512 1391 1597 In
1455 1521 1631 1597 cuius
1699 1537 1790 1596 rei
1849 1536 2222 1596 memoriam
2287 1543 2349 1594 et
2412 1534 2838 1595 testimonium
2886 1534 3366 1611 firmitatemque

804 1649 1193 1724 perpetuam,'
1237 1645 1633 1724 presentibus
1700 1644 1971 1725 sigillum
2019 1650 2301 1703 nostrum
2369 1622 2750 1703 autenticum
2799 1641 3088 1703 duximus
3137 1658 3368 1719 appen-

806 1754 1097 1813 dendum.
1173 1753 1406 1812 Datum
1454 1753 1717 1812 sabbato
1788 1752 2072 1830 proximo
2117 1760 2262 1829 post
2305 1750 2534 1811 festum
2587 1750 2756 1811 beati
2801 1750 3041 1809 Mathie
3092 1748 3370 1827 apostoli,

808 1881 972 1921 anno
1020 1860 1253 1920 domini
1300 1860 1625 1921 millesimo
1672 1858 2111 1920 trecentesimo
2161 1858 2629 1938 septuagesimo
2678 1866 2918 1936 quarto.

1020 2002 1063 2054 E
1098 2003 1453 2070 transumpto
1492 2000 1818 2054 authentico
1857 1999 2091 2069 capituli
2130 1996 2403 2054 ecelesiae
2443 1996 2834 2065 Zagrabiensis
2867 2012 2918 2049 a.
2956 1994 3107 2049 1573.
3135 1997 3192 2049 et
3215 1994 3370 2049 1583.

806 2092 869 2145 ln
922 2090 1157 2146 archivo
1206 2090 1364 2158 regni
1420 2088 1757 2159 Hungariae‚
1806 2088 2202 2159 Budapestini:
2251 2086 2316 2145 Μ.
2370 2085 2436 2143 Ο.
2473 2086 2535 2141 D.
2575 2086 2634 2140 L.
2671 2084 2882 2153 35:898„
2922 2084 3061 2139 olim
3099 2083 3163 2139 N.
3203 2084 3265 2137 R.
3305 2084 3370 2138 A.

808 2181 943 2237 fasc.
982 2180 1102 2235 137.
1141 2179 1243 2235 No,
1285 2178 1368 2233 10.

2018 2427 2163 2496 91.

1022 2632 1207 2691 Anno
1266 2627 1448 2690 1376.
1498 2626 1557 2689 6.
1606 2628 1748 2693 iulii.
1796 2627 2167 2709 Zagrabiae.
2271 2630 2274 2632 ’

1021 2827 1229 2887 Litera
1292 2827 1409 2886 sub
1473 2826 1690 2905 sigillis
1756 2825 2170 2904 pendentibus
2234 2822 2380 2882 olim
2441 2821 2682 2881 Nicolai
2731 2821 2810 2881 de
2858 2820 3070 2880 Virtus
3127 2819 3371 2880 comitis

805 2933 1253 3016 Zagrabiensis
1316 2942 1377 2993 et
1425 2934 1745 2994 castellani
1806 2933 1883 2992 de
1952 2932 2188 2992 Medue
2251 2951 2324 2991 ac
2371 2932 2544 2989 Iwan
2601 2928 2708 2989 filii
2771 2928 3064 3021 Gregorii
3127 2928 3371 2988 comitis

804 3043 1115 3104 terrestris
1179 3042 1407 3120 Campi
1471 3040 1933 3121 Zagrabiensis,
1999 3039 2329 3119 Zagrabie,
2387 3038 2500 3098 su‘b
2551 3056 2715 3096 anno
2763 3036 2997 3096 domini
3045 3036 3372 3096 millesimo

806 3148 1025 3211 CCC0.
1076 3150 1545 3229 septuagesimo
1594 3156 1787 3222 sext0‚
1835 3156 2062 3208 octauo
2111 3147 2210 3207 die
2263 3146 2405 3206 festi
2469 3145 2798 3205 beatorum
2862 3144 3030 3204 Petri
3078 3152 3142 3204 et
3195 3142 3374 3203 Pauli

806 3258 1226 3338 apostolorum
1274 3256 1757 3336 privilegialeter
1804 3264 2113 3317 emanata.

1021 3395 1230 3450 Montio
1272 3396 1329 3449 in
1371 3395 1546 3449 literis
1582 3395 1746 3449 Pauli
1774 3395 1980 3463 magni,
2010 3394 2233 3450 comitis
2263 3393 2459 3464 Campi
2489 3392 2880 3463 Zagrabiensis
2909 3408 2960 3446 a.
2990 3390 3145 3445 1421.
3172 3390 3223 3445 8.
3252 3390 3368 3445 dec.

808 3486 869 3541 In
908 3484 1141 3541 archivo
1183 3484 1373 3539 accad.
1414 3484 1607 3539 scient.
1646 3484 1860 3538 Slavor.
1899 3484 2094 3539 merid.

901 3579 930 3612 Ι·

2020 3751 2165 3822 92.

1024 3919 1211 3979 Anno
1271 3916 1453 3979 1376.
1504 3916 1606 3977 24.
1655 3918 2028 3978 novembris
2078 3918 2447 3997 Zagrabiae.

816 4076 1157 4141 Nic-olaus
1202 4078 1284 4141 de
1332 4075 1646 4141 Werthus
1684 4096 1906 4140 comes
1935 4074 2434 4160 Zagrabiensis
2465 4097 2546 4139 ae
2579 4076 2774 4139 Iwan
2796 4074 3006 4159 filius
3045 4072 3380 4160 Gregorii

816 4202 1039 4246 comes
1126 4184 1481 4247 terrestris
1555 4182 1802 4266 Campi
1869 4180 2385 4266 ZagrabiensiS,
2478 4182 3024 4246 controversiam
3104 4182 3378 4245 ratione

812 4294 1101 4375 quartae
1141 4292 1373 4374 partis
1412 4290 1878 4374 possessionis
1940 4288 2314 4367 Mrachssin,
2375 4291 2560 4354 inter
2603 4286 3006 4359 Barnabam
3055 4310 3138 4351 ac
3183 4288 3382 4352 Iwan

803 4396 1004 4481 filios
1052 4396 1215 4461 Ibra
1261 4397 1344 4461 ab
1392 4418 1555 4475 una,
1606 4395 1689 4460 ab
1734 4397 1954 4461 altera
2016 4400 2248 4461 autem
2288 4400 2490 4480 parte
2536 4397 2733 4461 Iwan
2769 4395 3016 4480 filium
3064 4393 3392 4461 Metehen'

1262 4506 1345 4569 de
1390 4504 1746 4569 Mraclzlin
1790 4507 2183 4581 vertentem,
2233 4504 2498 4568 iudieio
2545 4504 2916 4569 dirimunt.
3111 4509 3119 4516 ’

1032 4669 1163 4726 Nos
1212 4668 1513 4747 magister
1562 4668 1858 4727 Nicolaus
1906 4668 1985 4727 de
2031 4668 2330 4727 Werthus
2372 4687 2584 4727 comes
2617 4667 3064 4746 Zagrabiensis
3097 4685 3174 4725 ac
3205 4667 3378 4725 Iwan

818 4773 983 4833 filius
1046 4773 1336 4853 Gregorii
1402 4794 1614 4833 comes
1676 4774 1986 4834 terrestris
2049 4776 2128 4834 de
2190 4774 2434 4852 Campo
2496 4774 2912 4852 Zagrabiensi
2978 4775 3204 4834 damus
3263 4790 3379 4851 pro

817 4880 1119 4940 memoria
1167 4880 1391 4959 quibus
1452 4882 1702 4959 expedit
1758 4882 2082 4955 vniuersi8‚
2149 4882 2318 4960 quod
2363 4882 2738 4940 aecedentes
2787 4882 2868 4940 ad
2915 4889 3192 4951 nostram
3239 4898 3381 4957 pre·

830 4988 1106 5055 senciam
1168 4989 1580 5078 personaliter
1642 4988 1957 5059 constituti
2021 5007 2232 5059 coram
2295 4986 2476 5058 nobis
2539 4988 2866 5059 Barnabas
2935 5006 3008 5057 ae
3057 4988 3230 5058 Iwan
3275 4985 3384 5057 filii
