3917 5592
853 434 941 496 64

857 652 1118 730 pignore
1191 652 1558 729 recepcione
1629 651 1909 712 eiusdem
1982 660 2043 711 et
2113 652 2235 711 alia
2305 652 2527 731 quauis
2598 672 2711 730 pro
2783 674 2851 713 se
2926 655 3427 733 perpetuacione.

855 758 1132 819 similiter
1163 760 1387 838 quouis
1433 760 1620 821 modo
1654 760 1821 820 facta
1869 761 1969 821 vel
1998 760 2303 834 facienda,
2352 761 2665 839 prohibuit
2696 761 3180 822 contradicendo
3214 782 3425 822 coram

855 866 1051 926 nobis.
1143 868 1212 927 In
1261 866 1437 927 cuius
1487 868 1925 945 protestatorie
1973 867 2415 946 prohibicionis
2463 868 2903 941 testimonium,
2974 877 3297 946 presentes
3348 870 3429 928 ad

853 974 1222 1034 instanciam
1271 974 1465 1053 ipsius
1513 974 1806 1035 Iohannis
1838 975 2128 1036 duximus
2178 976 2615 1036 concedendas
2648 975 2963 1035 communi
3009 976 3253 1035 iusticia
3282 996 3426 1035 sua-

854 1083 1056 1142 dente.
1134 1082 1366 1142 Datum
1413 1082 1745 1162 Zagrabie‚
1794 1083 1857 1142 in
1902 1082 2065 1143 festo
2112 1083 2439 1143 beatorum
2490 1083 2613 1144 Viti
2662 1091 2723 1143 et
2768 1082 3042 1143 Modesti
3087 1084 3426 1159 martirum,

855 1208 1019 1249 anno
1067 1190 1302 1250 domini
1347 1189 1673 1250 millesimo
1721 1190 2160 1250 trecentesimo
2208 1190 2695 1271 quadragesimo
2742 1209 2923 1249 non0.

1069 1327 1247 1399 Copia
1274 1328 1516 1399 simplex
1555 1328 1766 1383 saeculi
1795 1328 1930 1383 XVI.
1969 1329 2282 1383 chartacea.
2312 1330 2371 1383 In
2400 1329 2635 1383 archivo
2674 1328 2829 1398 regni
2857 1328 3194 1398 Hungariae,
3240 1329 3423 1383 Buda-

854 1418 1098 1487 pestini:
1145 1418 1213 1473 Μ.
1253 1416 1316 1473 Ο.
1356 1418 1417 1473 D.
1461 1418 1514 1473 L.
1555 1417 1768 1479 33590„
1809 1418 1944 1473 olim
1984 1417 2048 1473 N.
2086 1418 2147 1472 R.
2190 1420 2254 1473 A.
2295 1419 2427 1473 fasc.
2469 1418 2623 1473 1509.
2662 1417 2766 1473 No,
2804 1418 2853 1473 2.

2063 1702 2208 1773 04.

1063 1888 1248 1947 Anno
1307 1885 1490 1947 1349.
1550 1886 1642 1947 19.
1693 1887 1858 1948 iunii.

849 2077 1250 2163 Capitulum
1280 2080 1599 2145 ecclesiae
1630 2080 2147 2167 ZagrabiensiS,
2196 2080 2485 2146 Nicolao
2518 2081 2694 2145 bano
2728 2082 2945 2145 totius
2978 2080 3418 2159 Sclavom'ae,

843 2185 925 2249 de
985 2184 1532 2252 reambulatione
1592 2189 2005 2272 portionum
2051 2188 2497 2273 quarundam
2559 2189 3285 2273 possessionariarum
3336 2190 3414 2254 in

849 2292 1273 2358 Petrusouch
1333 2298 1397 2359 et
1460 2295 1871 2381 Rakytouch,
1941 2316 2117 2381 quas
2191 2295 2580 2381 Gregorius
2638 2294 2847 2379 filius
2910 2295 3263 2380 Stephani,
3331 2318 3413 2360 ac

948 2401 1198 2486 Rodyk,
1249 2402 1439 2467 Leuk
1481 2406 1547 2467 et
1608 2403 1929 2489 Woynich
1976 2404 2115 2468 sibi
2152 2404 2472 2469 vicissim
2520 2404 3022 2489 relinquerunt,
3070 2404 3301 2489 refert.

3399 2544 3413 2572 2

1056 2602 1399 2681 Magnifico
1447 2602 1581 2662 viro
1611 2603 1864 2663 domino
1912 2604 2174 2663 Nicolao
2207 2604 2405 2663 tocius
2453 2604 2786 2664 Sclauonie
2821 2610 2883 2661 et
2915 2602 3181 2663 Croacie
3225 2603 3392 2663 bano

847 2709 1184 2787 capitulum
1231 2710 1677 2791 Zagrabiensis
1727 2711 1990 2772 ecclesie
2062 2713 2330 2772 salutem
2378 2717 2440 2771 et
2487 2712 2814 2772 oraciones
2878 2730 2992 2789 pro
3040 2730 3117 2771 eo
3174 2713 3254 2771 ad
3302 2712 3409 2772 do-

842 2815 1096 2876 minum.
1146 2817 1460 2877 Noueritis
1509 2837 1623 2877 nos
1671 2827 1914 2878 vestras
1964 2819 2279 2897 recepisse
2321 2818 2558 2878 litteras
2605 2818 2670 2877 in
2716 2820 2834 2877 hec
2880 2818 3104 2877 verba:
3156 2819 3235 2895 (V
3260 2818 3277 2877 i
3303 2819 3345 2878 d
3374 2838 3410 2879 e

847 2924 949 2983 do
977 2943 1026 2983 e.
1077 2944 1130 2984 a.
1191 2923 1373 2986 1349.
1423 2926 1480 2985 5.
1532 2926 1768 2985 iunii
1831 2927 1993 2986 sub
2041 2928 2157 2986 No.
2206 2923 2352 3003 63.).
2446 2927 2744 2986 Volentes
2791 2925 2983 3006 igitur
3038 2946 3153 2985 nos
3200 2926 3410 3005 petici-

847 3030 1071 3093 onibus
1119 3032 1344 3109 vestris
1377 3032 1756 3108 satisfacere,
1805 3053 1946 3094 cum
1980 3034 2259 3112 predicto
2305 3035 2478 3093 Iwan
2510 3033 2637 3093 filio
2684 3034 2856 3092 Iwan
2889 3032 3139 3092 homine
3186 3041 3413 3105 vestr0,

847 3138 1186 3199 discretum
1232 3140 1434 3199 virum
1500 3140 1845 3220 Georgium
1895 3141 2290 3201 sacerdotem
2338 3140 2602 3201 ecclesie
2658 3149 2868 3200 nostre
2915 3139 3413 3218 prebendarium,

849 3248 929 3306 ad
976 3248 1282 3325 premissa
1331 3249 1700 3326 exequenda
1765 3268 1878 3327 pro
1926 3248 2282 3309 testimonio
2346 3248 2633 3308 duximus
2680 3247 3248 3322 transmittendum,
3309 3247 3415 3325 qui

847 3355 1099 3414 demum
1148 3355 1227 3413 ad
1275 3374 1390 3413 nos
1438 3355 1772 3416 redeuntes
1820 3356 2000 3415 nobis
2050 3356 2439 3415 concorditer
2487 3355 2844 3428 retulerunt,
2892 3356 3060 3433 quod
3109 3374 3252 3413 cum
3298 3354 3413 3433 ipsi

846 3462 1208 3523 conuocatis
1257 3463 1474 3523 vicinis
1523 3472 1586 3523 et
1632 3464 2081 3524 commetaneis
2149 3465 2493 3524 eorundem
2538 3463 2847 3523 Vniuersis
2895 3471 2959 3522 et
3002 3461 3413 3541 presentibuS‚

847 3571 928 3630 ad
957 3570 1179 3630 faciem
1213 3570 1490 3648 predicte
1539 3570 1954 3650 possessionis
1988 3571 2420 3648 Rakythowch
2466 3579 2691 3631 vocate
2726 3570 3156 3644 accessissent,
3205 3570 3412 3648 ibique

845 3678 1160 3756 predictus
1229 3678 1577 3757 Gregorius
1639 3680 1957 3757 quandam
2005 3680 2375 3757 particulam
2438 3687 2601 3739 terre
2650 3679 2810 3738 intra
2868 3685 3070 3737 metas
3135 3677 3415 3739 eiusdem

847 3802 958 3843 sue
1020 3784 1438 3862 possessionis
1503 3787 1888 3862 existentem,
1959 3785 2143 3846 metis
2206 3786 2611 3865 infrascriptis
2683 3786 3054 3859 distinctam,
3125 3804 3199 3845 ac
3258 3786 3465 3845 duas·

847 3911 1174 3952 mensuras
1221 3902 1384 3953 terre
1459 3895 1625 3973 wlgo
1673 3903 1910 3954 wreten
1974 3902 2233 3954 vocatas
2280 3894 2343 3953 in
2391 3913 2614 3972 campo
2662 3894 2778 3953 sub
2845 3893 3006 3953 silua
3050 3894 3259 3971 Natop
3306 3911 3413 3951 vo-

849 4009 990 4061 cata
1037 4000 1390 4075 existenteS,
1463 4002 1706 4080 reliquit
1751 4010 1814 4062 et
1861 4001 2091 4062 dimisit
2137 4002 2429 4081 predictis
2478 4002 2717 4079 Rodyk‚
2763 4001 2961 4061 Lewk
3009 4007 3071 4060 et
3118 4000 3408 4077 Woynch

853 4118 916 4169 et
963 4128 1180 4168 eorum
1239 4110 1576 4169 heredibus
1643 4111 1775 4170 iure
1822 4118 2125 4189 perpetuo
2195 4110 2639 4189 possidendam
2688 4117 2752 4169 et
2796 4109 3169 4182 habendam,
3240 4107 3414 4167 cuius

855 4216 1107 4295 quidem
1155 4217 1454 4295 particule
1504 4227 1664 4278 terre
1713 4227 1894 4291 mete,
1958 4226 2143 4296 prout
2189 4236 2299 4278 eas
2362 4217 2540 4277 nobis
2588 4217 2775 4276 iidem
2846 4216 3033 4276 homo
3080 4222 3291 4275 vester
3353 4223 3418 4274 et

851 4332 1064 4383 noster
1108 4324 1171 4383 in
1219 4325 1462 4403 scriptis
1497 4326 1872 4400 retullerunt,
1921 4326 2040 4385 hoc
2074 4326 2289 4385 ordine
2340 4325 2835 4404 distinguuntur:
2886 4323 3171 4384 videlicet
3216 4322 3415 4401 prima

851 4442 1020 4492 meta
1067 4432 1278 4511 incipit
1326 4452 1364 4493 a
1410 4434 1684 4511 quodam
1747 4434 1935 4493 fluuio
1984 4434 2227 4510 W’rany
2291 4441 2514 4491 vocato
2563 4441 2626 4492 et
2670 4452 2783 4511 per
2837 4433 3106 4491 eundem
3152 4429 3412 4489 fluuium

849 4541 1131 4619 procedit
1193 4560 1414 4601 versus
1479 4542 1780 4602 orientem
1839 4542 1900 4600 in
1964 4541 2209 4601 modico
2273 4541 2508 4619 spaci0,
2576 4541 2739 4617 salyt
2782 4540 2985 4619 ipsum
3048 4538 3307 4598 fluuium
3354 4545 3418 4597 et

851 4648 1136 4727 peruenit
1183 4650 1264 4709 ad
1311 4650 1626 4727 quandam
1677 4658 1908 4709 metam
1957 4658 2225 4708 terream
2274 4667 2495 4708 versus
2538 4646 2879 4721 meridiem,
2928 4646 3153 4707 deinde
3200 4662 3414 4723 proce-

856 4757 1062 4815 dendo
1109 4755 1394 4833 peruenit
1441 4757 1522 4816 ad
1571 4757 1755 4816 aliam
1802 4766 2037 4815 metam
2066 4764 2337 4815 terream
2384 4756 2446 4814 in
2493 4755 2767 4833 quadam
2814 4766 2981 4815 terra
3029 4751 3245 4812 arabili
3292 4750 3415 4811 exi-

855 4872 1138 4937 stentem,
1211 4864 1288 4923 ab
1353 4864 1496 4924 inde
1559 4864 1842 4943 peruenit
1906 4864 1987 4923 ad
2048 4864 2366 4942 quandam
2414 4872 2644 4921 metam
2708 4870 2977 4922 terream
3036 4860 3195 4920 inter
3259 4860 3415 4919 duas

855 4972 989 5035 vias
1037 4973 1451 5051 constitutam,
1501 4973 1560 5033 in
1595 4974 1730 5035 loco
1763 4992 2005 5054 aquoso
2052 4972 2437 5047 existentem,
2486 4970 2711 5033 deinde
2759 4990 2979 5033 versus
3027 4970 3417 5049 occidentem
