3917 5592
783 407 914 469 240

778 624 1290 683 commendamus
1358 633 1576 684 tenore
1638 623 2035 700 presencium
2100 622 2529 702 significantes
2592 620 2817 699 quibus
2884 620 3147 699 expedit
3218 618 3352 678 uni-

773 732 990 805 versiS,
1039 731 1208 809 quod
1255 752 1398 790 curn
1444 751 1558 790 nos
1609 730 1689 789 ad
1737 730 2073 790 instantem
2122 728 2497 807 peticionem
2545 728 2768 787 nobilis
2802 727 3051 787 domine
3084 726 3335 806 Agatha

777 846 1016 911 vocate,
1067 839 1189 897 filie
1237 840 1437 898 Marci
1497 838 1603 897 filii
1663 838 1834 897 Iwan
1898 838 2007 897 filii
2070 838 2283 896 Lackh
2355 837 2433 896 de
2498 836 2735 908 Mlaka,
2797 854 2963 894 nunc
3028 834 3333 893 consortis

775 945 1077 1026 legittime
1127 945 1240 1004 viri
1295 945 1536 1024 providi
1602 944 1810 1023 Egidii
1876 943 2204 1017 carnificiS,
2271 943 2424 1002 civis
2493 942 2760 1002 civitatis
2824 940 3341 1019 Motisgrecensis

777 1054 856 1112 de
903 1054 1075 1113 iuxta
1119 1053 1518 1133 Zagrabiam,
1567 1052 1672 1110 filii
1717 1051 2005 1124 Emerici‚
2052 1051 2293 1110 nobiles
2344 1050 2508 1109 viros
2556 1049 2908 1128 Philippum
2938 1050 3131 1108 filium
3171 1048 3338 1107 Petri

775 1162 853 1220 de
902 1160 1070 1220 dicta
1127 1159 1508 1238 Lompnicza
1575 1158 1894 1237 Superiori
1959 1165 2021 1217 et
2092 1156 2471 1237 Gregorium
2536 1155 2729 1216 filiurn
2775 1138 3192 1215 Damiani'de
3241 1156 3335 1215 ln-

773 1266 982 1327 feriori
1046 1266 1441 1344 Lompnicza,
1506 1264 1876 1343 iobagiones
1941 1264 2231 1324 videlicet
2285 1272 2533 1322 nostros
2596 1262 2965 1342 fidedignOS,
3031 1263 3111 1322 de
3176 1263 3327 1321 sede

774 1383 988 1434 nostra
1035 1373 1358 1433 iudiciaria
1405 1372 1587 1431 solita
1633 1371 2063 1451 Zagrabiensi,
2094 1371 2249 1430 feria
2282 1371 2561 1430 secunda
2599 1370 2885 1447 proxima
2928 1378 3071 1447 post
3100 1369 3329 1429 festum

769 1482 940 1543 beati
986 1482 1267 1559 Dyonisii
1315 1480 1592 1559 episcopi
1640 1489 1702 1539 et
1747 1479 2035 1552 martiriS,
2086 1499 2249 1537 nunc
2296 1478 2576 1556 proxime
2624 1478 2937 1555 preterita,
2978 1478 3059 1537 ad
3108 1476 3326 1537 infras-

777 1590 1042 1667 criptam
1109 1586 1672 1667 possessionariam
1749 1586 2281 1646 introduccionem
2360 1593 2423 1645 et
2491 1584 2904 1645 statucionem
2977 1584 3328 1644 faciendam

778 1696 1078 1775 legittime
1127 1694 1638 1767 destinassemu8‚
1686 1694 1944 1753 tandem
1990 1692 2177 1753 iidem
2238 1692 2609 1771 iobagiones
2671 1691 2865 1751 nostri
2927 1691 3229 1771 fidedigni
3272 1692 3337 1750 in

780 1803 1108 1883 quindenis
1154 1802 1430 1882 predicte
1477 1800 1630 1861 ferie
1677 1774 1971 1874 secunde,
2020 1801 2099 1871 de
2148 1819 2320 1859 more
2369 1800 2523 1859 alias
2572 1800 2769 1874 solito,
2820 1800 2899 1859 ad
2947 1819 3063 1858 nos
3112 1798 3333 1859 exinde

776 1911 1011 1971 reversi
1059 1919 1121 1970 et
1166 1930 1278 1988 per
1324 1928 1438 1969 nos
1487 1908 1817 1988 diligenter
1865 1907 2159 1986 requisiti,
2208 1908 2387 1967 nobis
2436 1906 2825 1967 concorditer
2871 1908 3218 1967 retulerunt
3264 1926 3340 1966 eo

776 2019 980 2091 mod0,
1030 2025 1097 2076 ut
1141 2017 1260 2095 ipsi
1316 2016 1472 2076 feria
1518 2015 1734 2094 quinta
1779 2014 2063 2093 proxima
2106 2022 2248 2074 ante
2296 2014 2525 2073 festum
2572 2014 2862 2074 undecim
2909 2013 3165 2073 millium
3212 2014 3331 2072 vir-

779 2127 997 2204 ginum
1044 2135 1106 2185 et
1154 2124 1473 2183 martirum
1503 2122 1755 2195 Christi,
1789 2141 1954 2181 nunc
1986 2121 2267 2200 proxime
2300 2122 2680 2199 preteritum,
2714 2122 2796 2181 ad
2840 2122 3035 2181 facies
3082 2140 3331 2199 posses-

780 2233 1026 2293 sionum
1087 2241 1150 2291 et
1209 2230 1575 2310 porcionum
1640 2228 2295 2307 possessionariarum,
2360 2236 2487 2287 tam
2552 2228 2851 2289 nobilium
2914 2249 3025 2289 seu
3088 2228 3329 2288 heredi-

773 2340 1069 2401 tariarum
1120 2360 1310 2419 quam
1359 2338 1560 2398 eciam
1607 2337 2037 2416 empticiarum
2084 2336 2306 2415 prefati
2354 2337 2555 2396 Marci
2602 2336 2795 2415 patris
2844 2336 3038 2415 ipsius
3075 2336 3323 2395 domine

778 2447 1050 2527 Agathe,
1082 2454 1212 2505 tam
1241 2446 1302 2504 in
1331 2445 1612 2523 predicta
1643 2445 1860 2503 Mlaka
1890 2463 2081 2523 quam
2115 2443 2316 2504 eciam
2348 2443 2410 2503 in
2442 2444 2581 2522 ipsa
2624 2443 2904 2503 Interiori
2952 2443 3331 2521 Lompnicza

779 2562 840 2614 et
887 2554 1002 2613 sub
1070 2552 1276 2612 Obres
1337 2552 1690 2611 habitarum
1755 2559 1818 2611 et
1878 2552 2287 2611 existencium
2351 2552 2782 2626 accessissent,
2848 2558 2995 2610 tunc
3063 2551 3329 2610 eandem

775 2661 1093 2721 dominam
1114 2660 1442 2740 Agatham
1475 2659 1536 2718 in
1569 2659 1910 2719 dominium
1959 2659 2285 2719 cuiusdam
2332 2658 2631 2719 sessionis
2679 2658 2740 2718 in
2787 2659 3068 2737 predicta
3115 2658 3331 2717 Mlaka

773 2769 934 2827 inter
994 2776 1226 2827 terram
1288 2767 1697 2849 sessionalem
1757 2766 2019 2845 predicti
2085 2766 2286 2827 Marci
2347 2767 2542 2845 patris
2610 2767 2707 2826 sui
2772 2775 2835 2827 et
2897 2768 3152 2827 Andree
3219 2767 3327 2827 filii

775 2875 1019 2935 Nicolai
1085 2874 1163 2933 de
1226 2874 1450 2933 eadem
1515 2874 1730 2934 Mlaka
1795 2874 2023 2947 habite,
2088 2894 2125 2933 a
2188 2875 2408 2959 Mlaka
2470 2874 2795 2933 sessionali
2828 2874 3037 2954 ·wlg0‘
3099 2876 3325 2934 Zelska

769 2981 988 3040 Mlaka
1017 2988 1245 3040 vocata
1277 2988 1340 3040 et
1370 3000 1569 3058 usque
1604 2981 1685 3039 ad
1717 2980 1998 3040 Mlakam
2032 2980 2327 3040 villanam
2362 2981 2531 3060 wlgo
2562 2982 2802 3040 Weska
2834 2982 3047 3040 Mlaka
3098 2982 3328 3041 dictam

768 3108 837 3148 se
887 3087 1293 3161 extendentiS,
1340 3095 1468 3147 tres
1518 3086 1941 3147 dimensiones
2008 3088 2181 3167 wlgo
2229 3096 2398 3164 mety
2447 3088 2645 3147 dictas
2694 3086 2756 3147 in
2802 3108 2873 3148 se
2921 3088 3325 3163 continentis;

769 3196 919 3254 item
977 3194 1040 3253 in
1107 3194 1448 3254 dominium
1510 3194 1834 3253 cuiusdam
1893 3200 2059 3254 terre
2123 3193 2481 3253 sessionalis
2552 3195 2713 3254 ultra
2783 3196 3041 3253 fluvium
3110 3196 3326 3255 Mlaka

772 3310 1064 3361 vocatum
1110 3319 1305 3379 penes
1354 3320 1543 3359 unam
1590 3300 1775 3373 viam,
1823 3320 1944 3379 que
1994 3300 2189 3360 tendit
2238 3309 2301 3360 et
2346 3300 2517 3361 ducit
2563 3303 2643 3361 ad
2688 3302 3051 3362 Inferiorem
3098 3304 3323 3382 Lomp-

769 3410 1010 3469 niczam
1058 3409 1284 3482 habite,
1333 3410 1491 3468 duas
1539 3408 1960 3468 dimensiones
2010 3410 2177 3489 wigo
2220 3409 2431 3485 methy
2464 3410 2662 3469 dictas
2692 3410 2755 3469 in
2798 3430 2867 3469 se
2914 3411 3323 3486 continentis;

773 3516 922 3575 item
991 3516 1190 3575 eciam
1252 3515 1315 3574 in
1376 3515 1716 3574 dominium
1782 3516 2108 3576 cuiusdam
2166 3524 2329 3575 terre
2394 3516 2645 3576 arabilis
2706 3516 2770 3576 in
2832 3518 2957 3577 fine
3029 3518 3320 3579 iamdicte

764 3632 929 3683 terre
978 3621 1340 3682 sessionalis
1387 3622 1598 3682 habite
1659 3642 1856 3701 penes
1912 3624 2221 3701 quasdam
2284 3622 2496 3702 spinas
2545 3624 2678 3697 site,
2727 3644 2848 3703 que
2898 3645 3021 3684 uno
3068 3627 3193 3686 fine
3242 3628 3322 3686 ad

776 3730 1135 3790 iamdictam
1206 3739 1434 3789 terram
1505 3730 1913 3790 sessionalem
1974 3730 2285 3809 pertingit,
2356 3731 2514 3790 duas
2574 3731 2851 3791 similiter
2898 3733 3319 3794 dimensiones

770 3838 982 3915 methy
1031 3838 1228 3897 dictas
1279 3837 1594 3915 wlgariter
1642 3837 1704 3896 in
1765 3857 1833 3897 se
1900 3837 2289 3912 continentiS,
2356 3858 2430 3897 ac
2498 3838 2559 3897 in
2610 3839 2951 3899 dominium
2999 3840 3322 3901 cuiusdam

769 3956 935 4023 terre
984 3944 1262 4004 similiter
1311 3945 1558 4004 arabilis
1615 3946 1692 4004 de
1751 3944 2035 4022 predicta
2093 3945 2311 4004 Mlaka
2376 3963 2488 4023 per
2551 3946 2717 4005 viam
2782 3966 3175 4008 communem
3244 3950 3325 4009 ad

765 4052 1096 4113 ecclesiam
1145 4052 1344 4111 sancti
1391 4051 1652 4131 Georgii
1699 4052 1967 4111 martiris
2017 4053 2241 4125 eund0,
2289 4072 2485 4130 penes
2548 4062 2783 4113 metam
2830 4054 2971 4114 ville
3034 4057 3322 4116 Hrascha

763 4170 1002 4235 vocate,
1055 4180 1130 4220 ac
1177 4179 1373 4238 penes
1422 4180 1612 4220 unarn
1659 4161 1885 4220 vallem
1934 4180 2198 4238 parvam
2228 4180 2351 4220 uno
2400 4162 2523 4221 fine
2572 4162 2799 4236 habite,
2847 4183 3039 4223 unam
3086 4164 3322 4224 dimen-

761 4269 1001 4329 sionem
1047 4268 1215 4347 wlgo
1261 4277 1500 4327 wreten
1563 4268 1794 4328 dictam
1857 4269 1918 4327 in
1982 4288 2050 4328 se
2118 4268 2504 4341 continentis,
2571 4289 2814 4329 necnon
2861 4270 2923 4330 in
2973 4272 3319 4331 dominium

761 4376 1086 4435 cuiusdam
1132 4383 1295 4435 terre
1343 4375 1620 4435 similiter
1673 4376 1938 4452 arabiliS,
1992 4397 2029 4436 a
2074 4377 2356 4455 predicta
2404 4386 2569 4437 meta
2599 4378 2792 4456 ipsius
2842 4379 2982 4439 ville
3030 4380 3318 4440 Hrascha

761 4490 986 4542 vocata
1033 4483 1238 4541 eundo
1287 4502 1485 4560 usque
1535 4484 1615 4542 ad
1663 4492 1895 4542 metam
1957 4484 2381 4562 Lompniczka
2444 4504 2629 4561 meya
2674 4486 2995 4565 wlgariter
3044 4489 3315 4566 appella-

763 4596 911 4663 tam,
959 4588 1064 4647 ubi
1113 4595 1208 4647 est
1254 4597 1421 4647 terra
1489 4590 1756 4649 filiorum
1804 4609 1915 4649 seu
1980 4590 2317 4650 liberorum
2380 4592 2702 4651 Benedicti
2763 4595 3029 4653 condam
3076 4594 3323 4673 zupani,

768 4705 832 4757 et
878 4717 914 4756 a
955 4696 1235 4775 predicta
1282 4704 1450 4756 meta
1515 4697 1938 4776 Lompniczka
2004 4718 2204 4774 meya,
2254 4707 2321 4757 ut
2381 4699 2718 4776 predicitur
2766 4702 2933 4780 wlgo
2983 4703 3313 4780 appellata,

771 4822 970 4881 usque
1004 4804 1084 4862 ad
1113 4802 1457 4881 predictam
1490 4804 1715 4864 vallem
1747 4824 2011 4882 parvam
2059 4825 2127 4864 se
2177 4806 2587 4879 extendentiS,
2635 4828 2759 4867 uno
2808 4809 2930 4868 fine
2980 4810 3060 4869 ad
3090 4818 3322 4869 terram

759 4911 1036 4989 predicte
1063 4910 1203 4969 ville
1237 4912 1525 4971 Hrascha
1555 4922 1775 4972 vocate
1807 4912 2243 4993 pertingentiS,
2279 4913 2391 4972 XII
2424 4913 2846 4975 dimensiones
2882 4918 3047 4997 wlgo
3084 4925 3322 4977 wreten
