3917 5592
3037 470 3167 534 265

602 688 957 762 tenendam,
1005 685 1451 765 possidendam
1497 686 1733 766 pariter
1779 694 1843 746 et
1886 687 2262 762 habendam,
2311 695 2444 747 tum
2490 706 2604 766 pro
2637 696 2916 748 suatum
2964 687 3164 748 eciam

599 795 1123 872 predecessorum
1190 813 1447 855 suorum
1512 794 1840 854 animabus
1904 795 2198 870 dedisset,
2267 796 2566 855 donasset
2632 803 2696 855 et
2757 795 3161 875 resignasset,

601 901 743 960 ideo
790 902 926 980 ipse
972 902 1164 963 frater
1226 902 1499 962 Michael
1545 902 1833 976 vicariuS,
1883 922 2001 961 sua
2049 910 2111 962 et
2156 902 2510 962 nominibus
2557 902 2781 980 quibus
2844 922 3035 982 supra
3081 903 3159 962 si-

600 1007 824 1067 militer
871 1009 1217 1086 predictam
1262 1008 1632 1087 particulam
1678 1017 1845 1068 terre
1892 1007 2160 1088 Ograda
2205 1009 2541 1083 nominate,
2577 1028 2614 1068 a
2644 1018 2822 1087 parte
2871 1010 3157 1069 occiden-

597 1114 704 1172 tali
751 1115 1136 1190 existentem,
1185 1115 1277 1176 sic
1309 1123 1376 1174 ut
1421 1115 1812 1193 premittitur,
1862 1115 2021 1175 inter
2069 1116 2240 1194 ipsas
2271 1124 2484 1194 partes
2517 1115 2871 1196 litigiosam,
2918 1116 3160 1194 prefato

598 1220 875 1302 Georgio
922 1222 1048 1282 filio
1110 1222 1320 1302 Egidii
1368 1241 1443 1282 ac
1489 1222 1670 1282 dictis
1736 1222 1998 1298 Bricci0,
2063 1224 2305 1283 Thome
2354 1231 2416 1283 et
2468 1223 2697 1284 Iacobo
2760 1224 3160 1302 ipsorumque

594 1329 927 1390 heredibus
976 1339 1039 1391 et
1084 1329 1553 1410 posteritatibus
1615 1331 1941 1406 universiS,
1991 1339 2296 1410 perpetuo
2359 1331 2758 1392 consimiliter
2805 1340 2868 1391 et
2927 1332 3158 1392 irrevo-

599 1437 879 1498 cabiliter
949 1440 1303 1514 tenendam,
1363 1438 1809 1516 possidendam
1872 1439 2108 1517 pariter
2153 1448 2216 1500 et
2261 1439 2620 1500 habendam
2682 1439 3026 1500 remisisset
3096 1448 3159 1499 et

599 1544 1001 1625 resignasset,
1050 1555 1113 1606 et
1158 1548 1416 1607 eosdem
1466 1548 1527 1607 in
1574 1546 1784 1626 quieto
1838 1546 2111 1606 dominio
2175 1548 2458 1607 eiusdem
2521 1547 2879 1621 remisisset,
2942 1567 3154 1624 ymmo

594 1661 807 1728 partes
853 1653 1157 1730 prelibate
1203 1654 1511 1731 premisso
1558 1654 1748 1713 modo
1780 1653 1898 1713 sibi
1946 1653 2098 1731 ipsis
2127 1663 2348 1720 ,mutua
2379 1653 2806 1714 vicissitudine
2833 1655 3154 1727 dederunt,

594 1759 920 1834 donarunt,
969 1760 1340 1820 remiserunt
1401 1770 1462 1821 et
1512 1761 1910 1840 resignarunt
1955 1779 2169 1820 coram
2233 1761 2442 1836 nobiS,
2478 1761 2639 1821 inter
2684 1780 2841 1839 quas
2889 1761 3155 1839 denique

596 1867 932 1944 particulas
978 1876 1285 1928 terrarum
1336 1869 1557 1928 eedem
1604 1877 1835 1946 parteS,
1897 1878 2082 1946 prout
2128 1867 2189 1928 in
2238 1869 2512 1947 quodam
2559 1868 2827 1949 registro
2876 1870 2954 1928 de
3001 1869 3154 1947 peti·

594 1974 772 2034 cione
821 1975 1100 2053 ipsarum
1160 1976 1444 2055 parcium
1490 1996 1602 2055 per
1648 1976 2015 2055 magistrum
2081 1977 2408 2036 Matheum
2469 1977 2798 2050 notarium,
2847 1977 2910 2036 in
2974 1977 3152 2037 dictis

592 2083 1157 2160 composicionibus
1204 2084 1484 2162 ipsarum
1530 2083 1811 2162 parcium
1857 2084 2272 2161 presentibuS,
2320 2083 2381 2143 in
2415 2084 2576 2144 facie
2625 2084 2967 2144 earundem
3013 2103 3154 2162 par·

587 2188 915 2249 ticularum
962 2199 1125 2250 terre
1174 2191 1524 2270 conscripto
1572 2191 1878 2269 nobisque
1928 2199 2275 2268 apportatO,
2323 2199 2487 2251 mete
2535 2192 2655 2252 hoc
2687 2192 2905 2251 ordine
2938 2191 3152 2251 distin-

589 2305 881 2375 gvuntur‚
929 2299 1097 2376 quod
1144 2299 1343 2376 primo
1392 2298 1772 2377 incepissent
1816 2317 1855 2357 a
1899 2306 2079 2376 parte
2125 2297 2513 2358 meridionali
2561 2298 2623 2357 in
2669 2299 2943 2378 quadam
2991 2299 3150 2358 silva

592 2403 655 2462 in
703 2405 1047 2483 prescripto
1094 2407 1236 2467 lacu
1283 2407 1361 2465 de
1410 2407 1875 2482 Zethynchreth
1923 2405 2105 2479 dicto,
2153 2405 2217 2465 in
2264 2407 2538 2484 quadam
2569 2415 2738 2466 meta
2769 2414 2991 2481 terrea,
3040 2405 3143 2465 ubi

586 2513 909 2589 quandam
958 2513 1246 2573 arborem
1307 2513 1669 2593 quercinam
1718 2513 1906 2573 cruce'
1966 2512 2280 2593 signatam
2343 2532 2456 2591 pro
2522 2522 2690 2573 meta
2756 2512 3150 2593 reliquissent

588 2628 649 2679 et
698 2629 867 2680 meta
914 2628 1119 2681 terrea
1167 2623 1245 2681 de
1292 2640 1458 2681 novo
1520 2603 2076 2696 ciircumfodissent,
2126 2622 2204 2681 ab
2253 2621 2396 2681 hinc
2445 2623 2524 2682 ad
2571 2629 2815 2700 partem
2877 2629 3146 2700 septem-

585 2726 910 2787 trionalem
980 2747 1095 2807 per
1156 2729 1393 2804 silvam,
1458 2748 1572 2807 per
1633 2737 1837 2789 certas
1886 2730 2143 2790 arbores
2214 2729 2545 2808 quercinas
2617 2728 2894 2789 similiter
2960 2747 3144 2788 cruce

586 2833 869 2913 signatas
918 2842 981 2894 et
1024 2834 1207 2895 metis
1266 2835 1487 2896 terreis
1549 2835 1959 2896 circumfusas
2007 2835 2072 2895 in
2120 2835 2397 2916 [magno]
2465 2836 2679 2913 spacio
2727 2836 3143 2914 procedendO,

583 2940 903 3001 venissent
949 2942 1032 3002 ad
1078 2961 1268 3001 unam
1316 2942 1605 3003 arborem
1666 2942 1959 3028 similiter·
1995 2943 2374 3021 quercinam,
2441 2943 2503 3002 in
2549 2951 2734 3022 portu
2781 2961 2892 3002 seu
2941 2943 3143 3002 littore

582 3048 910 3126 prescripti
954 3049 1128 3108 fluvii
1173 3050 1459 3126 Wranyn
1524 3050 1911 3125 existentem,
1962 3049 2067 3109 ubi
2115 3051 2382 3110 eandem
2430 3068 2614 3109 cruce
2679 3049 3037 3129 signassent
3084 3057 3147 3109 et

582 3161 751 3214 meta
796 3162 1001 3214 terrea
1055 3155 1612 3230 circumfudissent,
1662 3156 1887 3216 deinde
1950 3156 2238 3216 intrando
2285 3157 2490 3235 ipsum
2536 3157 2794 3216 fluvium
2841 3157 3144 3232 Wranyn,

581 3281 696 3340 per
741 3280 993 3321 cursum
1058 3262 1339 3322 eiusdem
1401 3283 1623 3323 versus
1686 3264 1942 3343 plagam
2009 3264 2460 3323 occidentalem
2514 3263 2584 3322 'in
2631 3282 2866 3344 magno
2929 3263 3143 3342 spacio

581 3367 999 3446 procedendO,
1049 3369 1280 3430 directe
1328 3371 1649 3431 venissent
1696 3372 1777 3431 ad
1825 3372 2139 3449 quendam
2187 3371 2373 3431 alium
2422 3371 2681 3430 fluvium
2727 3371 3016 3448 Obdyna,
3064 3373 3142 3431 de

582 3475 728 3535 hinc
774 3495 887 3554 per
934 3495 1185 3536 cursum
1253 3477 1449 3555 ipsius
1496 3477 1669 3538 fluvii
1732 3477 2009 3555 Obdyna
2070 3497 2293 3538 versus
2355 3478 2861 3556 septemtrionem
2925 3497 3141 3556 proce-

583 3583 807 3656 dend0,
840 3582 1162 3643 venissent
1194 3585 1275 3643 ad
1306 3586 1621 3662 quendam
1652 3584 1859 3644 locum
1890 3586 2124 3645 Ztharo
2156 3584 2566 3661 Mozthysche
2598 3585 3004 3657 nominatum,
3036 3585 3142 3644 ubi

466 3701 475 3709 ·
584 3696 786 3748 metas
859 3691 1201 3750 earundem
1272 3692 1719 3769 particularum
1789 3699 1951 3752 terre
2025 3691 2481 3766 terminassent,
2531 3692 2664 3751 aliis
2735 3710 2884 3750 vero
2957 3692 3137 3750 metis

578 3796 922 3874 prescripte
992 3799 1407 3875 possessionis
1476 3800 1903 3876 Rakythowcz
1969 3799 2312 3860 eorundem
2371 3799 2632 3858 fratrum
2679 3797 3139 3872 heremitarum,

578 3902 798 3983 vigore
860 3903 1083 3964 iurium
1134 3912 1197 3964 et
1241 3905 1596 3966 litteralium
1661 3906 1939 3984 ipsorum
2001 3907 2568 3980 instrumentorum,
2629 3905 2694 3965 in
2742 3906 2962 3965 eodem
3027 3923 3141 3964 suo

577 4011 798 4090 vigore
846 4011 1035 4070 salvis
1095 4013 1586 4089 remanentibuS,
1649 4012 2005 4077 testimonio
2053 4014 2449 4092 presencium
2509 4014 2842 4074 mediante.
2906 4013 3139 4072 Datum

572 4115 728 4176 feria
776 4119 1053 4178 secunda
1117 4119 1399 4195 proxima
1464 4128 1607 4197 post
1661 4120 1891 4180 festum
1955 4109 2466 4181 annunciacionis
2531 4120 2790 4200 virginis
2848 4119 3138 4199 gloriose,

576 4243 740 4282 anno
789 4224 1021 4286 domini
1068 4224 1393 4285 millesimo
1441 4227 2062 4306 quadringentesimo
2110 4227 2598 4308 quadragesimo
2646 4235 2884 4306 quartO.

787 4360 1069 4430 Originale
1109 4365 1535 4427 membraneum
1575 4367 1739 4421 valde
1779 4383 2030 4434 exesum,
2070 4368 2353 4435 appendet
2393 4369 2576 4424 solum
2607 4384 2751 4422 zona
2777 4368 2992 4422 sericea
3019 4368 3130 4422 albi

573 4453 629 4504 et
680 4450 873 4504 viridis
931 4441 1139 4506 coloris
1195 4454 1408 4522 absque
1459 4453 1659 4523 sigilla
1718 4456 1780 4508 In
1830 4456 2065 4510 archivo
2117 4471 2321 4524 regnor
2395 4455 2450 4510 C.
2491 4456 2544 4510 S.
2583 4459 2640 4511 et
2675 4457 2765 4511 D.:
2817 4457 2950 4512 Doe.
2987 4453 3134 4512 medss

572 4539 698 4592 aevi
740 4555 788 4592 a.
824 4538 978 4594 1444.
1018 4569 1082 4579 —
1122 4542 1287 4610 Extat
1308 4545 1719 4612 transumptum
1748 4544 1918 4597 huius
1939 4544 2263 4599 documenti
2303 4561 2352 4598 a.
2381 4545 2552 4614 1503,
2594 4563 2662 4599 ex
2690 4545 2948 4614 originali
2975 4547 3138 4600 char-

572 4630 733 4681 taceo
777 4629 1113 4699 confectum,
1152 4630 1209 4683 in
1241 4632 1475 4686 archivo
1514 4631 1667 4700 regni
1706 4631 2044 4701 Hungariae,
2084 4632 2482 4702 Budapestini:
2521 4634 2589 4688 M.
2631 4633 2694 4688 Ο.
2732 4634 2794 4688 D.
2821 4635 2878 4689 L.
2919 4634 3134 4703 34718,

570 4715 705 4768 olim
766 4716 904 4770 Acta
942 4722 1184 4772 monast.
1242 4720 1594 4774 Remetensis
1626 4721 1765 4775 Taso.
1804 4721 1867 4773 11.
1920 4719 2022 4774 No.
2062 4720 2167 4786 21„
2207 4737 2276 4775 ex
2317 4739 2428 4790 quo
2483 4725 2704 4777 termini
2757 4723 2816 4776 in
2873 4723 3132 4792 originali

572 4801 895 4858 deficientes
933 4807 1196 4875 completi
1238 4811 1381 4861 sunt.

792 4969 807 4996 ¹
844 4969 941 5022 nic.
