3917 5592
2980 426 3112 488 239

555 640 836 701 Clokoch
901 648 1181 701 nostram
1245 640 1657 718 personaliter
1717 640 1978 701 veniens
2038 641 2102 701 in
2164 640 2573 720 presenciam,
2642 641 2795 701 dixit
2856 650 2919 701 et
2969 660 3113 700 con·

557 748 729 808 fesus
777 756 873 808 est
917 748 1258 807 ministerio
1309 748 1448 807 vive
1498 748 1670 807 vocis
1738 768 1849 807 sue
1913 748 1977 806 in
2037 749 2201 807 hunc
2248 750 2519 821 modurn,
2568 750 2737 827 quod
2785 748 2919 827 ipse
2968 749 3099 807 uni-

561 875 780 915 versas
829 864 891 915 et
936 855 1247 933 quaslibet
1293 856 1726 934 possessiones
1775 864 1838 915 et
1882 856 2213 934 porciones
2276 876 2425 916 suas
2472 856 3002 935 possessionarias
3048 856 3111 914 in

556 961 959 1040 possessione
1014 962 1271 1021 Inferior
1342 964 1748 1041 Lompnycha
1815 970 2041 1022 vocata
2112 971 2175 1023 et
2242 964 2395 1023 alias
2466 963 2667 1023 ubivis
2738 964 2800 1022 in
2870 941 3128 1041 Campo·

551 1069 961 1150 Zagrabiensi
1025 1071 1362 1130 existentes
1427 1079 1489 1131 et
1548 1070 1812 1145 habitaS,
1879 1091 2001 1149 que
2067 1072 2221 1131 alias
2280 1071 2490 1131 Iacobi
2555 1070 2662 1130 filii
2722 1057 3005 1151 Georgii’
3031 1072 3108 1131 de

551 1176 850 1251 Clokoch,
875 1176 1195 1236 castellani
1219 1176 1407 1237 castri
1439 1177 1828 1236 Medwewar
1857 1177 2250 1255 prefuissent,
2284 1186 2345 1237 et
2377 1179 2633 1239 tandem
2664 1198 2777 1257 per
2804 1178 3107 1238 Mathiam

551 1285 745 1344 filium
793 1284 1073 1343 eiusdem
1121 1282 1348 1356 Iacobi,
1399 1284 1618 1363 vigore
1667 1292 1981 1344 certarum
2028 1285 2370 1345 litterarum
2420 1285 2644 1346 exinde
2711 1284 3108 1359 cofectarum,

549 1411 662 1470 pro
711 1399 884 1451 certa
930 1410 1220 1469 sumpma
1267 1391 1562 1468 precunie
1610 1391 1728 1469 ipsi
1775 1393 1824 1450 F
1828 1392 2072 1451 arcasio
2121 1399 2185 1451 et
2230 1390 2358 1452 suis
2404 1374 2763 1453 ’heredibus
2809 1400 3110 1471 perpetue

552 1499 799 1559 vendite
846 1498 1244 1573 haberentur,
1293 1518 1437 1558 cum
1485 1498 1772 1558 omnibus
1821 1500 2164 1559 earundem
2210 1499 2683 1577 possessionum
2754 1507 2817 1559 et
2862 1498 3102 1577 porcio-

549 1625 697 1665 num
745 1626 999 1666 suarum
1044 1606 1699 1684 possessionariarum,
1761 1606 2142 1677 utilitatibus,
2201 1607 2548 1667 honorabili
2610 1607 2745 1667 viro
2794 1606 3097 1687 magistro

549 1713 904 1787 FranciscO,
950 1714 1122 1774 socio
1171 1722 1232 1774 et
1295 1713 1720 1774 concanonico
1779 1722 2009 1787 nostre,
2072 1733 2186 1792 pro
2235 1724 2485 1775 centurn
2534 1724 2596 1775 et
2653 1714 3108 1795 quinquaginta

557 1820 806 1879 florenis
854 1822 1006 1895 auri,
1053 1823 1236 1900 plene
1285 1829 1352 1881 ut
1399 1822 1550 1881 dixit
1597 1821 1674 1881 ab
1709 1822 1933 1881 eodem
1982 1822 2249 1900 receptis
2296 1830 2360 1882 et
2405 1822 2650 1898 habitis,
2698 1830 3001 1902 perpetuo
3046 1831 3109 1882 et

555 1926 1042 1987 irrevocabiliter
1086 1930 1410 2003 tenendaS,
1455 1928 1870 2007 possidendas
1902 1928 2137 2007 pariter
2169 1938 2232 1990 et
2261 1929 2587 1989 habendas
2622 1948 2697 1989 ac
2729 1949 3103 2009 quocunque

548 2034 842 2093 maluerit
889 2035 951 2093 in
997 2035 1127 2095 vita
1172 2037 1273 2096 vel
1333 2036 1396 2095 in
1459 2046 1656 2096 morte
1726 2037 2035 2116 legandas
2098 2045 2161 2097 et
2220 2036 2637 2111 dimittendaS,
2702 2037 3101 2112 vendidisset,

547 2141 906 2201 tradidisset
954 2151 1018 2202 et
1063 2144 1468 2223 assignasset,
1514 2163 1727 2220 ymmo
1776 2144 2071 2219 vendidit,
2118 2144 2371 2204 tradidit
2417 2152 2481 2204 et
2527 2144 2875 2225 assignavit
2912 2144 3107 2205 nostri

426 2292 434 2299 -
544 2248 607 2308 in
654 2250 999 2327 presencia,
1047 2270 1489 2329 assumpmens
1558 2250 1993 2311 nichilominus
2059 2251 2225 2312 idem
2294 2253 2343 2310 F
2347 2252 2627 2312 arcasius
2678 2254 2947 2313 eundem
2996 2254 3105 2311 do-

547 2354 782 2415 minum
828 2358 877 2415 F
883 2357 1247 2430 ranciscum,
1295 2357 1536 2417 socium
1583 2366 1646 2417 et
1692 2359 2187 2419 concanonicum
2241 2368 2539 2433 nostrum,
2606 2368 2713 2419 aut
2773 2359 2943 2420 illum
3003 2361 3103 2420 vel

559 2463 712 2538 inos,
761 2464 868 2524 cui
913 2464 1049 2543 ipse
1098 2466 1350 2524 easdem
1401 2466 1643 2545 legaret
1672 2474 1779 2525 aut
1807 2465 2159 2541 dimitteret,
2206 2466 2269 2526 in
2302 2466 2595 2544 dominyo
2626 2468 3108 2547 prescriptamm

545 2572 1016 2649 possessionum
1041 2578 1104 2631 et
1126 2556 1489 2650 porcionum
1521 2573 2159 2651 possessionariarum
2193 2581 2410 2633 contra
2435 2575 2690 2653 quosvis
2720 2574 3099 2654 illegittimos

545 2678 928 2757 impetitores
991 2680 1256 2758 propriis
1327 2679 1455 2739 suis
1521 2680 1836 2739 laboribus
1905 2680 2168 2759 pacifice
2236 2700 2611 2741 conservare
2682 2689 2745 2741 et
2808 2682 3098 2761 expensis

549 2785 861 2864 expedire,
931 2786 1153 2845 harum
1223 2794 1575 2847 nostrarum
1622 2786 1806 2867 sigilli
1875 2787 2071 2847 nostri
2132 2786 2519 2867 appensione
2587 2788 3107 2848 communitarum

542 2892 762 2973 vigore
811 2901 873 2952 et
919 2894 1272 2953 testimonio
1334 2894 1694 2975 litterarum.
1759 2895 1993 2954 Datum
2062 2894 2220 2955 feria
2292 2897 2569 2956 secunda
2616 2896 2900 2974 proxima
2962 2905 3104 2974 post

543 2999 772 3058 festum
818 3000 991 3059 beati
1038 3000 1206 3081 regis
1252 3001 1570 3079 Stephani,
1620 3020 1784 3061 anno
1832 3002 2069 3061 domini
2102 3002 2428 3064 millesimo
2477 3002 3096 3082 quadringentesimo

539 3106 855 3167 tricesimo
903 3107 1134 3185 quint0.

761 3227 1044 3297 Originale
1084 3230 1528 3299 membraneum,
1568 3248 1604 3285 a
1641 3246 1787 3286 zona
1812 3232 2029 3287 sericea
2064 3232 2204 3286 susci
2252 3232 2458 3286 coloris
2498 3233 2781 3301 appendet
2823 3234 3101 3301 fragmen-

538 3320 658 3370 tum
711 3316 894 3385 sigilli.
949 3348 1015 3355 —
1067 3319 1114 3371 A
1171 3322 1325 3387 tergo
1375 3319 1700 3374 annotatio:
1769 3321 1946 3374 »Iste
1999 3323 2165 3375 sunt
2215 3320 2470 3374 littere
2532 3337 2659 3389 per
2714 3338 2887 3389 quas
2950 3322 3102 3375 Far-

536 3406 784 3459 casius
845 3407 1179 3461 vendidit
1234 3423 1351 3461 eas
1416 3408 1770 3475 magistro
1832 3409 2219 3464 Francisco
2283 3410 2653 3479 canonico,
2717 3411 2949 3465 nobili
3021 3413 3099 3466 de

541 3494 1019 3564 Lompniczasse
1061 3496 1120 3548 In
1160 3495 1301 3549 cista
1339 3497 1760 3552 communitatis
1799 3498 2073 3552 nobilium
2116 3498 2184 3553 de
2234 3498 2395 3552 Infer.
2449 3498 2735 3553 Lomnica.

1713 3746 1922 3817 232.

745 3930 932 3989 Anno
989 3926 1172 3990 1435.
1222 3928 1323 3989 24.
1373 3930 1658 3989 octobris,
1705 3931 2077 4010 Zagrabiae.

537 4102 841 4167 Michael
877 4103 1091 4187 filius
1126 4103 1490 4169 Barnabae
1520 4104 1602 4168 de
1639 4103 1832 4169 Odra
1869 4110 1934 4170 et
1966 4106 2319 4172 Fabianus
2353 4106 2562 4191 filius
2609 4110 2975 4175 Michaelis
3007 4112 3099 4176 de

540 4210 782 4295 Super.
830 4210 1278 4293 Lompnicza,
1346 4211 1628 4274 comites
1701 4212 1950 4297 Campi
1995 4213 2496 4298 Zagrabiensis
2562 4237 2642 4278 ac
2702 4208 3099 4300 Stephanus

533 4317 746 4403 filius
794 4316 977 4381 Pedk
1023 4316 1104 4380 de
1151 4317 1524 4397 Lokauech‚
1571 4338 1792 4382 comes
1834 4321 2188 4385 terrestris
2218 4322 2527 4385 eiusdem
2565 4322 2829 4407 Campi,
2876 4328 3096 4389 statu-

530 4426 790 4488 tionem
837 4422 1096 4487 nobili-s·
1141 4422 1461 4487 dominae
1509 4424 1822 4507 Agathae
1856 4424 2061 4509 filiae
2130 4427 2360 4491 Marci
2407 4430 2677 4510 nepotis
2726 4430 2957 4495 Lachk
3002 4432 3085 4497 de

537 4530 795 4607 Mlaka,
846 4532 924 4594 in
968 4530 1300 4615 quasdam
1347 4532 1810 4613 possessiones
1856 4533 1936 4597 in
1984 4534 2216 4599 Mlaka
2261 4536 2646 4614 existente&
2704 4537 3093 4622 notificant.

745 4695 878 4753 Nos
927 4694 1197 4753 Michael
1245 4694 1698 4755 filiusBarnabe
1749 4698 1825 4757 de
1874 4697 2049 4757 Odra
2098 4706 2160 4758 et
2192 4698 2504 4759 Fabianus
2536 4701 2699 4761 filius
2746 4703 3073 4765 Michaelis

529 4804 609 4861 de
665 4800 985 4878 Superiori
1049 4801 1428 4878 Lompnicza
1475 4804 1732 4863 comites
1781 4805 2007 4883 Campi
2070 4808 2515 4886 Zagrabiensis
2580 4829 2655 4870 ac
2733 4812 3093 4890 Stephanus

529 4909 692 4967 filius
739 4908 914 4967 Pedk
978 4909 1055 4967 de
1120 4909 1454 4969 Lokauech
1519 4930 1728 4969 comes
1776 4913 2086 4972 terrestris
2152 4915 2432 4975 eiusdem
2499 4918 2727 4997 Campi
2791 4922 3091 4982 memorie
