<?xml version="1.0" encoding="UTF-8"?>
<!DOCTYPE html PUBLIC "-//W3C//DTD XHTML 1.0 Transitional//EN"
    "http://www.w3.org/TR/xhtml1/DTD/xhtml1-transitional.dtd">
<html xmlns="http://www.w3.org/1999/xhtml" xml:lang="en" lang="en">
 <head>
  <title>
</title>
<meta http-equiv="Content-Type" content="text/html;charset=utf-8" />
  <meta name='ocr-system' content='tesseract 3.04.00' />
  <meta name='ocr-capabilities' content='ocr_page ocr_carea ocr_par ocr_line ocrx_word'/>
</head>
<body>
  <div class='ocr_page' id='page_1' title='image "./povjesnispomeni01laszgoog_0035.png"; bbox 0 0 3917 5592; ppageno 0'>
   <div class='ocr_carea' id='block_1_1' title="bbox 1539 448 2015 509">
    <p class='ocr_par' dir='ltr' id='par_1_1' title="bbox 1539 448 2015 509">
     <span class='ocr_line' id='line_1_1' title="bbox 1539 448 2015 509; baseline 0 -1"><span class='ocrx_word' id='word_1_1' title='bbox 1539 448 1882 509; x_wconf 85' lang='lat' dir='ltr'>—XXIX</span> <span class='ocrx_word' id='word_1_2' title='bbox 1931 484 2015 493; x_wconf 84' lang='lat'>——-</span> 
     </span>
    </p>
   </div>
   <div class='ocr_carea' id='block_1_2' title="bbox 509 748 2861 1266">
    <p class='ocr_par' dir='ltr' id='par_1_2' title="bbox 509 748 2859 1084">
     <span class='ocr_line' id='line_1_2' title="bbox 509 748 2856 819; baseline 0.002 -21"><span class='ocrx_word' id='word_1_3' title='bbox 509 748 630 799; x_wconf 82' lang='lat'>228.</span> <span class='ocrx_word' id='word_1_4' title='bbox 670 750 824 799; x_wconf 79' lang='lat' dir='ltr'>Anno</span> <span class='ocrx_word' id='word_1_5' title='bbox 871 764 1018 815; x_wconf 85' lang='grc'><strong>1432.</strong></span> <span class='ocrx_word' id='word_1_6' title='bbox 1068 764 1111 799; x_wconf 92' lang='grc'>1.</span> <span class='ocrx_word' id='word_1_7' title='bbox 1149 748 1474 815; x_wconf 82' lang='lat' dir='ltr'>septembris.</span> <span class='ocrx_word' id='word_1_8' title='bbox 1515 750 1569 800; x_wconf 88' lang='lat' dir='ltr'>ln</span> <span class='ocrx_word' id='word_1_9' title='bbox 1612 749 1863 801; x_wconf 83' lang='lat' dir='ltr'>Dumbro.</span> <span class='ocrx_word' id='word_1_10' title='bbox 1904 750 2119 801; x_wconf 81' lang='lat' dir='ltr'>[oannes</span> <span class='ocrx_word' id='word_1_11' title='bbox 2168 750 2444 819; x_wconf 83' lang='lat' dir='ltr'>episcopus</span> <span class='ocrx_word' id='word_1_12' title='bbox 2482 752 2856 818; x_wconf 79' lang='lat' dir='ltr'>Zagrabiensis‚</span> 
     </span>
     <span class='ocr_line' id='line_1_3' title="bbox 667 838 2859 908; baseline 0.001 -20"><span class='ocrx_word' id='word_1_13' title='bbox 667 838 840 908; x_wconf 70' lang='lat' dir='ltr'>literas</span> <span class='ocrx_word' id='word_1_14' title='bbox 877 838 1160 889; x_wconf 84' lang='lat' dir='ltr'>Eberhardi</span> <span class='ocrx_word' id='word_1_15' title='bbox 1200 838 1432 905; x_wconf 80' lang='lat' dir='ltr'>episcopi</span> <span class='ocrx_word' id='word_1_16' title='bbox 1471 838 1847 907; x_wconf 82' lang='lat' dir='ltr'>Zagrabiensis,</span> <span class='ocrx_word' id='word_1_17' title='bbox 1884 856 1916 891; x_wconf 84' lang='lat' dir='ltr'>a</span> <span class='ocrx_word' id='word_1_18' title='bbox 1980 856 2135 908; x_wconf 84' lang='lat'><strong>¹399·</strong></span> <span class='ocrx_word' id='word_1_19' title='bbox 2175 856 2259 908; x_wconf 84' lang='lat'>27.</span> <span class='ocrx_word' id='word_1_20' title='bbox 2298 853 2430 907; x_wconf 89' lang='lat' dir='ltr'>sept.</span> <span class='ocrx_word' id='word_1_21' title='bbox 2458 856 2616 907; x_wconf 87' lang='lat' dir='ltr'>super</span> <span class='ocrx_word' id='word_1_22' title='bbox 2644 840 2859 893; x_wconf 78' lang='lat' dir='ltr'>decimis</span> 
     </span>
     <span class='ocr_line' id='line_1_4' title="bbox 667 908 2857 995; baseline 0.001 -17"><span class='ocrx_word' id='word_1_23' title='bbox 667 928 718 978; x_wconf 89' lang='lat' dir='ltr'>in</span> <span class='ocrx_word' id='word_1_24' title='bbox 756 929 957 995; x_wconf 83' lang='lat' dir='ltr'>Campo</span> <span class='ocrx_word' id='word_1_25' title='bbox 997 908 1326 995; x_wconf 51' lang='lat' dir='ltr'>Zagrabiensi</span> <span class='ocrx_word' id='word_1_26' title='bbox 1363 928 1629 980; x_wconf 82' lang='lat' dir='ltr'>solvendis</span> <span class='ocrx_word' id='word_1_27' title='bbox 1667 940 1946 990; x_wconf 84' lang='lat' dir='ltr'>emanatas,</span> <span class='ocrx_word' id='word_1_28' title='bbox 1982 930 2274 993; x_wconf 74' lang='lat' dir='ltr'>transumit,</span> <span class='ocrx_word' id='word_1_29' title='bbox 2311 945 2369 981; x_wconf 89' lang='lat' dir='ltr'>ac</span> <span class='ocrx_word' id='word_1_30' title='bbox 2410 930 2671 981; x_wconf 89' lang='lat' dir='ltr'>nobilibus</span> <span class='ocrx_word' id='word_1_31' title='bbox 2720 930 2857 981; x_wconf 86' lang='lat' dir='ltr'>eius-</span> 
     </span>
     <span class='ocr_line' id='line_1_5' title="bbox 671 1016 2843 1084; baseline 0.003 -17"><span class='ocrx_word' id='word_1_32' title='bbox 671 1018 790 1073; x_wconf 87' lang='lat' dir='ltr'>dem</span> <span class='ocrx_word' id='word_1_33' title='bbox 830 1016 1011 1084; x_wconf 84' lang='lat' dir='ltr'>Campi</span> <span class='ocrx_word' id='word_1_34' title='bbox 1051 1018 1280 1069; x_wconf 86' lang='lat' dir='ltr'>decimas</span> <span class='ocrx_word' id='word_1_35' title='bbox 1316 1019 1542 1084; x_wconf 84' lang='lat' dir='ltr'>capitulo</span> <span class='ocrx_word' id='word_1_36' title='bbox 1579 1021 1802 1081; x_wconf 77' lang='lat' dir='ltr'>solvere,</span> <span class='ocrx_word' id='word_1_37' title='bbox 1839 1020 2047 1071; x_wconf 84' lang='lat' dir='ltr'>mandat</span> <span class='ocrx_word' id='word_1_38' title='bbox 2048 1054 2843 1075; x_wconf 89' lang='grc'><strong>............</strong></span> 
     </span>
    </p>

    <p class='ocr_par' dir='ltr' id='par_1_3' title="bbox 511 1107 2861 1266">
     <span class='ocr_line' id='line_1_6' title="bbox 511 1107 2859 1176; baseline 0.001 -18"><span class='ocrx_word' id='word_1_39' title='bbox 511 1122 632 1175; x_wconf 89' lang='grc'><strong>229.</strong></span> <span class='ocrx_word' id='word_1_40' title='bbox 671 1109 822 1159; x_wconf 82' lang='grc' dir='ltr'><strong>Α11110</strong></span> <span class='ocrx_word' id='word_1_41' title='bbox 870 1124 1018 1175; x_wconf 84' lang='grc'><strong>1433.</strong></span> <span class='ocrx_word' id='word_1_42' title='bbox 1058 1107 1108 1159; x_wconf 89' lang='grc'>8.</span> <span class='ocrx_word' id='word_1_43' title='bbox 1150 1107 1287 1159; x_wconf 86' lang='lat' dir='ltr'>maii.</span> <span class='ocrx_word' id='word_1_44' title='bbox 1327 1110 1518 1159; x_wconf 87' lang='lat' dir='ltr'>Coram</span> <span class='ocrx_word' id='word_1_45' title='bbox 1557 1109 1782 1176; x_wconf 86' lang='lat' dir='ltr'>capitulo</span> <span class='ocrx_word' id='word_1_46' title='bbox 1830 1109 2078 1161; x_wconf 86' lang='lat' dir='ltr'>ecclesiae</span> <span class='ocrx_word' id='word_1_47' title='bbox 2126 1110 2479 1171; x_wconf 82' lang='lat' dir='ltr'>Chasmensis,</span> <span class='ocrx_word' id='word_1_48' title='bbox 2522 1110 2746 1161; x_wconf 78' lang='lat' dir='ltr'>Mathias</span> <span class='ocrx_word' id='word_1_49' title='bbox 2796 1111 2859 1161; x_wconf 88' lang='lat' dir='ltr'>de</span> 
     </span>
     <span class='ocr_line' id='line_1_7' title="bbox 671 1197 2861 1266; baseline 0.001 -20"><span class='ocrx_word' id='word_1_50' title='bbox 671 1198 866 1263; x_wconf 79' lang='lat' dir='ltr'>Gepew</span> <span class='ocrx_word' id='word_1_51' title='bbox 905 1213 1024 1247; x_wconf 83' lang='lat' dir='ltr'>cum</span> <span class='ocrx_word' id='word_1_52' title='bbox 1063 1197 1306 1248; x_wconf 84' lang='lat' dir='ltr'>fratribus</span> <span class='ocrx_word' id='word_1_53' title='bbox 1342 1198 1468 1259; x_wconf 86' lang='lat' dir='ltr'>suis,</span> <span class='ocrx_word' id='word_1_54' title='bbox 1523 1198 1858 1264; x_wconf 85' lang='lat' dir='ltr'>Rodolphum</span> <span class='ocrx_word' id='word_1_55' title='bbox 1898 1200 1960 1249; x_wconf 89' lang='lat' dir='ltr'>de</span> <span class='ocrx_word' id='word_1_56' title='bbox 2001 1199 2295 1251; x_wconf 82' lang='lat' dir='ltr'>Meduewar</span> <span class='ocrx_word' id='word_1_57' title='bbox 2333 1210 2384 1251; x_wconf 83' lang='lat' dir='ltr'>et</span> <span class='ocrx_word' id='word_1_58' title='bbox 2420 1200 2550 1251; x_wconf 82' lang='lat' dir='ltr'>alios</span> <span class='ocrx_word' id='word_1_59' title='bbox 2598 1198 2861 1266; x_wconf 83' lang='lat' dir='ltr'>quoslibet</span> 
     </span>
    </p>
   </div>
   <div class='ocr_carea' id='block_1_3' title="bbox 669 1286 2901 1355">
    <p class='ocr_par' dir='ltr' id='par_1_4' title="bbox 669 1286 2901 1355">
     <span class='ocr_line' id='line_1_8' title="bbox 669 1286 2901 1355; baseline 0.003 -19"><span class='ocrx_word' id='word_1_60' title='bbox 669 1303 698 1336; x_wconf 85' lang='lat' dir='ltr'>a</span> <span class='ocrx_word' id='word_1_61' title='bbox 723 1286 1038 1348; x_wconf 78' lang='lat' dir='ltr'>detentione,</span> <span class='ocrx_word' id='word_1_62' title='bbox 1063 1287 1402 1353; x_wconf 75' lang='lat' dir='ltr'><strong>occupatione</strong></span> <span class='ocrx_word' id='word_1_63' title='bbox 1433 1298 1530 1341; x_wconf 86' lang='lat' dir='ltr'>etc.</span> <span class='ocrx_word' id='word_1_64' title='bbox 1555 1288 1948 1353; x_wconf 81' lang='lat' dir='ltr'>possessionum</span> <span class='ocrx_word' id='word_1_65' title='bbox 1976 1288 2133 1350; x_wconf 79' lang='lat' dir='ltr'>Odi-a,</span> <span class='ocrx_word' id='word_1_66' title='bbox 2163 1288 2496 1355; x_wconf 75' lang='lat' dir='ltr'>Lucylnycha</span> <span class='ocrx_word' id='word_1_67' title='bbox 2521 1300 2618 1342; x_wconf 88' lang='lat' dir='ltr'>etc.</span> <span class='ocrx_word' id='word_1_68' title='bbox 2645 1286 2858 1343; x_wconf 85' lang='lat' dir='ltr'>inhibet.</span> <span class='ocrx_word' id='word_1_69' title='bbox 2894 1302 2901 1309; x_wconf 75' lang='grc'><strong><em>’</em></strong></span> 
     </span>
    </p>
   </div>
   <div class='ocr_carea' id='block_1_4' title="bbox 516 1376 2875 2598">
    <p class='ocr_par' dir='ltr' id='par_1_5' title="bbox 516 1376 2861 1801">
     <span class='ocr_line' id='line_1_9' title="bbox 516 1376 2861 1443; baseline 0 -16"><span class='ocrx_word' id='word_1_70' title='bbox 516 1390 634 1442; x_wconf 87' lang='grc'><strong>230.</strong></span> <span class='ocrx_word' id='word_1_71' title='bbox 677 1378 830 1426; x_wconf 70' lang='lat' dir='ltr'>Anno</span> <span class='ocrx_word' id='word_1_72' title='bbox 873 1390 1023 1443; x_wconf 79' lang='grc'><strong>1434.</strong></span> <span class='ocrx_word' id='word_1_73' title='bbox 1071 1392 1112 1430; x_wconf 89' lang='grc'>1.</span> <span class='ocrx_word' id='word_1_74' title='bbox 1155 1376 1298 1427; x_wconf 87' lang='lat' dir='ltr'>iunii.</span> <span class='ocrx_word' id='word_1_75' title='bbox 1339 1376 1634 1443; x_wconf 79' lang='lat' dir='ltr'>ngrabiae.</span> <span class='ocrx_word' id='word_1_76' title='bbox 1673 1378 1862 1430; x_wconf 83' lang='lat' dir='ltr'>Coram</span> <span class='ocrx_word' id='word_1_77' title='bbox 1890 1378 2139 1429; x_wconf 87' lang='lat' dir='ltr'>Michaele</span> <span class='ocrx_word' id='word_1_78' title='bbox 2166 1378 2275 1429; x_wconf 82' lang='lat' dir='ltr'>filio</span> <span class='ocrx_word' id='word_1_79' title='bbox 2300 1378 2563 1429; x_wconf 84' lang='lat' dir='ltr'>Barnabae</span> <span class='ocrx_word' id='word_1_80' title='bbox 2600 1378 2665 1428; x_wconf 90' lang='lat' dir='ltr'>de</span> <span class='ocrx_word' id='word_1_81' title='bbox 2702 1378 2861 1440; x_wconf 86' lang='lat' dir='ltr'>Odra,</span> 
     </span>
     <span class='ocr_line' id='line_1_10' title="bbox 669 1465 2859 1533; baseline 0.001 -18"><span class='ocrx_word' id='word_1_82' title='bbox 669 1465 858 1515; x_wconf 77' lang='lat' dir='ltr'>comite</span> <span class='ocrx_word' id='word_1_83' title='bbox 896 1465 1078 1531; x_wconf 88' lang='lat' dir='ltr'>Campi</span> <span class='ocrx_word' id='word_1_84' title='bbox 1117 1465 1473 1533; x_wconf 84' lang='lat' dir='ltr'>Zagrabiensis</span> <span class='ocrx_word' id='word_1_85' title='bbox 1510 1482 1567 1517; x_wconf 87' lang='lat' dir='ltr'>ac</span> <span class='ocrx_word' id='word_1_86' title='bbox 1607 1466 1870 1533; x_wconf 87' lang='lat' dir='ltr'>Stephano</span> <span class='ocrx_word' id='word_1_87' title='bbox 1909 1466 2017 1517; x_wconf 84' lang='lat' dir='ltr'>filio</span> <span class='ocrx_word' id='word_1_88' title='bbox 2058 1468 2197 1518; x_wconf 85' lang='lat' dir='ltr'>Pedk</span> <span class='ocrx_word' id='word_1_89' title='bbox 2233 1469 2297 1519; x_wconf 89' lang='lat' dir='ltr'>de</span> <span class='ocrx_word' id='word_1_90' title='bbox 2335 1468 2631 1529; x_wconf 82' lang='lat' dir='ltr'>Lokauech,</span> <span class='ocrx_word' id='word_1_91' title='bbox 2668 1465 2859 1517; x_wconf 81' lang='lat' dir='ltr'>comite</span> 
     </span>
     <span class='ocr_line' id='line_1_11' title="bbox 675 1554 2859 1621; baseline 0.001 -17"><span class='ocrx_word' id='word_1_92' title='bbox 675 1554 902 1605; x_wconf 82' lang='lat' dir='ltr'>terrestri</span> <span class='ocrx_word' id='word_1_93' title='bbox 941 1554 1176 1605; x_wconf 86' lang='lat' dir='ltr'>eiusdem</span> <span class='ocrx_word' id='word_1_94' title='bbox 1214 1556 1416 1621; x_wconf 85' lang='lat' dir='ltr'>Campi,</span> <span class='ocrx_word' id='word_1_95' title='bbox 1456 1556 1660 1609; x_wconf 79' lang='lat' dir='ltr'>Marcus</span> <span class='ocrx_word' id='word_1_96' title='bbox 1695 1556 1834 1607; x_wconf 86' lang='lat' dir='ltr'>filius</span> <span class='ocrx_word' id='word_1_97' title='bbox 1869 1556 2009 1608; x_wconf 84' lang='lat' dir='ltr'>iwan</span> <span class='ocrx_word' id='word_1_98' title='bbox 2050 1556 2137 1607; x_wconf 82' lang='lat' dir='ltr'>filii</span> <span class='ocrx_word' id='word_1_99' title='bbox 2176 1558 2341 1607; x_wconf 78' lang='lat' dir='ltr'>Laczk</span> <span class='ocrx_word' id='word_1_100' title='bbox 2366 1557 2431 1607; x_wconf 83' lang='lat' dir='ltr'>de</span> <span class='ocrx_word' id='word_1_101' title='bbox 2458 1556 2641 1619; x_wconf 84' lang='lat' dir='ltr'>Mlalta,</span> <span class='ocrx_word' id='word_1_102' title='bbox 2670 1567 2859 1607; x_wconf 83' lang='lat' dir='ltr'>terram</span> 
     </span>
     <span class='ocr_line' id='line_1_12' title="bbox 673 1643 2859 1713; baseline 0 -18"><span class='ocrx_word' id='word_1_103' title='bbox 673 1643 806 1695; x_wconf 83' lang='lat' dir='ltr'>inter</span> <span class='ocrx_word' id='word_1_104' title='bbox 843 1643 1029 1695; x_wconf 80' lang='lat' dir='ltr'>fluvios</span> <span class='ocrx_word' id='word_1_105' title='bbox 1079 1644 1220 1697; x_wconf 82' lang='lat' dir='ltr'>Odra</span> <span class='ocrx_word' id='word_1_106' title='bbox 1258 1654 1308 1695; x_wconf 89' lang='lat' dir='ltr'>et</span> <span class='ocrx_word' id='word_1_107' title='bbox 1347 1644 1626 1697; x_wconf 58' lang='lat' dir='ltr'>[amnicae</span> <span class='ocrx_word' id='word_1_108' title='bbox 1677 1646 1998 1708; x_wconf 68' lang='lat' dir='ltr'>existentem,</span> <span class='ocrx_word' id='word_1_109' title='bbox 2050 1657 2273 1713; x_wconf 85' lang='lat' dir='ltr'>quatuor</span> <span class='ocrx_word' id='word_1_110' title='bbox 2322 1646 2535 1697; x_wconf 81' lang='lat' dir='ltr'>florenis</span> <span class='ocrx_word' id='word_1_111' title='bbox 2584 1646 2859 1697; x_wconf 70' lang='lat' dir='ltr'>Valentino</span> 
     </span>
     <span class='ocr_line' id='line_1_13' title="bbox 670 1718 2848 1801; baseline 0.003 -18"><span class='ocrx_word' id='word_1_112' title='bbox 670 1732 1093 1785; x_wconf 79' lang='lat' dir='ltr'>Fabianchewich</span> <span class='ocrx_word' id='word_1_113' title='bbox 1131 1732 1442 1801; x_wconf 80' lang='lat' dir='ltr'>inpignorat.</span> <span class='ocrx_word' id='word_1_114' title='bbox 1473 1770 1490 1787; x_wconf 94' lang='lat'>.</span> <span class='ocrx_word' id='word_1_115' title='bbox 1545 1718 1560 1787; x_wconf 83' lang='grc'>.</span> <span class='ocrx_word' id='word_1_116' title='bbox 1617 1769 1631 1788; x_wconf 91' lang='grc'>.</span> <span class='ocrx_word' id='word_1_117' title='bbox 1688 1768 1702 1791; x_wconf 85' lang='grc'>.</span> <span class='ocrx_word' id='word_1_118' title='bbox 1759 1770 1776 1788; x_wconf 96' lang='grc'>.</span> <span class='ocrx_word' id='word_1_119' title='bbox 1831 1768 1846 1788; x_wconf 89' lang='grc'>.</span> <span class='ocrx_word' id='word_1_120' title='bbox 1901 1769 1918 1791; x_wconf 87' lang='grc'>.</span> <span class='ocrx_word' id='word_1_121' title='bbox 1976 1768 1991 1789; x_wconf 90' lang='grc'>.</span> <span class='ocrx_word' id='word_1_122' title='bbox 2046 1770 2061 1789; x_wconf 92' lang='grc'>.</span> <span class='ocrx_word' id='word_1_123' title='bbox 2118 1770 2133 1787; x_wconf 91' lang='grc'>.</span> <span class='ocrx_word' id='word_1_124' title='bbox 2190 1772 2205 1789; x_wconf 90' lang='grc'>.</span> <span class='ocrx_word' id='word_1_125' title='bbox 2262 1772 2275 1789; x_wconf 91' lang='grc'>.</span> <span class='ocrx_word' id='word_1_126' title='bbox 2332 1764 2349 1789; x_wconf 91' lang='grc'>.-</span> <span class='ocrx_word' id='word_1_127' title='bbox 2403 1772 2420 1789; x_wconf 92' lang='grc'>.</span> <span class='ocrx_word' id='word_1_128' title='bbox 2474 1746 2490 1789; x_wconf 88' lang='grc'>’.</span> <span class='ocrx_word' id='word_1_129' title='bbox 2546 1768 2848 1791; x_wconf 73' lang='lat'>.....</span> 
     </span>
    </p>

    <p class='ocr_par' dir='ltr' id='par_1_6' title="bbox 518 1823 2875 2249">
     <span class='ocr_line' id='line_1_14' title="bbox 518 1823 2862 1893; baseline 0.001 -20"><span class='ocrx_word' id='word_1_130' title='bbox 518 1837 635 1889; x_wconf 85' lang='grc'><strong>231.</strong></span> <span class='ocrx_word' id='word_1_131' title='bbox 675 1823 825 1873; x_wconf 77' lang='lat' dir='ltr'>Anno</span> <span class='ocrx_word' id='word_1_132' title='bbox 871 1839 1022 1891; x_wconf 86' lang='grc'><strong>1435.</strong></span> <span class='ocrx_word' id='word_1_133' title='bbox 1064 1838 1147 1892; x_wconf 88' lang='grc'>29.</span> <span class='ocrx_word' id='word_1_134' title='bbox 1186 1824 1372 1875; x_wconf 88' lang='lat' dir='ltr'>martii.</span> <span class='ocrx_word' id='word_1_135' title='bbox 1412 1824 1640 1874; x_wconf 84' lang='lat' dir='ltr'>Posonii.</span> <span class='ocrx_word' id='word_1_136' title='bbox 1693 1824 2059 1891; x_wconf 68' lang='lat' dir='ltr'>Sigismundus</span> <span class='ocrx_word' id='word_1_137' title='bbox 2098 1826 2391 1893; x_wconf 72' lang='lat' dir='ltr'>Hunssariae</span> <span class='ocrx_word' id='word_1_138' title='bbox 2428 1836 2525 1876; x_wconf 87' lang='lat' dir='ltr'>etc.</span> <span class='ocrx_word' id='word_1_139' title='bbox 2574 1840 2681 1886; x_wconf 80' lang='lat' dir='ltr'>rex,</span> <span class='ocrx_word' id='word_1_140' title='bbox 2733 1825 2862 1875; x_wconf 79' lang='lat' dir='ltr'>Her-</span> 
     </span>
     <span class='ocr_line' id='line_1_15' title="bbox 677 1911 2863 1981; baseline 0 -19"><span class='ocrx_word' id='word_1_141' title='bbox 677 1928 832 1963; x_wconf 80' lang='lat' dir='ltr'>mano</span> <span class='ocrx_word' id='word_1_142' title='bbox 869 1911 1030 1965; x_wconf 78' lang='lat' dir='ltr'>Cilise</span> <span class='ocrx_word' id='word_1_143' title='bbox 1067 1922 1119 1965; x_wconf 85' lang='lat' dir='ltr'>et</span> <span class='ocrx_word' id='word_1_144' title='bbox 1155 1912 1404 1979; x_wconf 77' lang='lat' dir='ltr'>Zagoriae</span> <span class='ocrx_word' id='word_1_145' title='bbox 1441 1912 1638 1976; x_wconf 80' lang='lat' dir='ltr'>comiti,</span> <span class='ocrx_word' id='word_1_146' title='bbox 1671 1913 1922 1981; x_wconf 74' lang='lat' dir='ltr'>regnique</span> <span class='ocrx_word' id='word_1_147' title='bbox 1959 1914 2262 1965; x_wconf 78' lang='lat' dir='ltr'>sclavoniae</span> <span class='ocrx_word' id='word_1_148' title='bbox 2308 1912 2444 1965; x_wconf 86' lang='lat' dir='ltr'>bano</span> <span class='ocrx_word' id='word_1_149' title='bbox 2494 1913 2756 1980; x_wconf 80' lang='lat' dir='ltr'>praecipit,</span> <span class='ocrx_word' id='word_1_150' title='bbox 2808 1924 2863 1962; x_wconf 88' lang='lat' dir='ltr'>ut</span> 
     </span>
     <span class='ocr_line' id='line_1_16' title="bbox 679 2000 2861 2069; baseline 0 -18"><span class='ocrx_word' id='word_1_151' title='bbox 679 2002 748 2052; x_wconf 83' lang='lat' dir='ltr'>in·</span> <span class='ocrx_word' id='word_1_152' title='bbox 769 2017 940 2063; x_wconf 82' lang='lat' dir='ltr'>causa,</span> <span class='ocrx_word' id='word_1_153' title='bbox 977 2017 1110 2069; x_wconf 85' lang='lat' dir='ltr'>quae</span> <span class='ocrx_word' id='word_1_154' title='bbox 1149 2001 1282 2053; x_wconf 83' lang='lat' dir='ltr'>inter</span> <span class='ocrx_word' id='word_1_155' title='bbox 1319 2000 1578 2053; x_wconf 80' lang='lat' dir='ltr'>civitatem</span> <span class='ocrx_word' id='word_1_156' title='bbox 1617 2002 1810 2053; x_wconf 81' lang='lat' dir='ltr'>Montis</span> <span class='ocrx_word' id='word_1_157' title='bbox 1847 2003 2125 2054; x_wconf 81' lang='lat' dir='ltr'>Grecensis</span> <span class='ocrx_word' id='word_1_158' title='bbox 2174 2004 2241 2054; x_wconf 83' lang='lat' dir='ltr'>de</span> <span class='ocrx_word' id='word_1_159' title='bbox 2290 2002 2537 2069; x_wconf 76' lang='lat' dir='ltr'>Zagrabia</span> <span class='ocrx_word' id='word_1_160' title='bbox 2574 2013 2624 2053; x_wconf 87' lang='lat' dir='ltr'>et</span> <span class='ocrx_word' id='word_1_161' title='bbox 2662 2002 2861 2053; x_wconf 87' lang='lat' dir='ltr'>nobiles</span> 
     </span>
     <span class='ocr_line' id='line_1_17' title="bbox 677 2090 2862 2159; baseline -0 -18"><span class='ocrx_word' id='word_1_162' title='bbox 677 2091 741 2141; x_wconf 90' lang='lat' dir='ltr'>de</span> <span class='ocrx_word' id='word_1_163' title='bbox 780 2091 1134 2151; x_wconf 86' lang='lat' dir='ltr'>Zomzedwar,</span> <span class='ocrx_word' id='word_1_164' title='bbox 1172 2091 1237 2141; x_wconf 90' lang='lat' dir='ltr'>de</span> <span class='ocrx_word' id='word_1_165' title='bbox 1289 2090 1710 2157; x_wconf 76' lang='lat' dir='ltr'>possessionibus</span> <span class='ocrx_word' id='word_1_166' title='bbox 1761 2091 1924 2143; x_wconf 87' lang='lat' dir='ltr'>dictae</span> <span class='ocrx_word' id='word_1_167' title='bbox 1974 2091 2223 2145; x_wconf 79' lang='lat' dir='ltr'>civitatis:</span> <span class='ocrx_word' id='word_1_168' title='bbox 2276 2092 2603 2159; x_wconf 82' lang='lat' dir='ltr'>Petrowyna,</span> <span class='ocrx_word' id='word_1_169' title='bbox 2643 2092 2862 2157; x_wconf 78' lang='lat' dir='ltr'>Hrastya</span> 
     </span>
     <span class='ocr_line' id='line_1_18' title="bbox 679 2180 2875 2249; baseline 0.001 -19"><span class='ocrx_word' id='word_1_170' title='bbox 679 2192 728 2231; x_wconf 86' lang='lat' dir='ltr'>et</span> <span class='ocrx_word' id='word_1_171' title='bbox 764 2182 1164 2249; x_wconf 80' lang='lat' dir='ltr'>Syllyakowyna</span> <span class='ocrx_word' id='word_1_172' title='bbox 1200 2181 1412 2243; x_wconf 79' lang='lat' dir='ltr'>vocatis,</span> <span class='ocrx_word' id='word_1_173' title='bbox 1451 2180 1712 2248; x_wconf 73' lang='lat' dir='ltr'>agebatur,</span> <span class='ocrx_word' id='word_1_174' title='bbox 1751 2196 1862 2231; x_wconf 86' lang='lat' dir='ltr'>rem</span> <span class='ocrx_word' id='word_1_175' title='bbox 1901 2181 2107 2235; x_wconf 84' lang='lat' dir='ltr'>iudicet.</span> <span class='ocrx_word' id='word_1_176' title='bbox 2192 2209 2875 2237; x_wconf 81' lang='grc'><strong>...........</strong></span> 
     </span>
    </p>

    <p class='ocr_par' dir='ltr' id='par_1_7' title="bbox 517 2269 2863 2338">
     <span class='ocr_line' id='line_1_19' title="bbox 517 2269 2863 2338; baseline 0 -18"><span class='ocrx_word' id='word_1_177' title='bbox 517 2284 636 2335; x_wconf 90' lang='grc'><strong>232.</strong></span> <span class='ocrx_word' id='word_1_178' title='bbox 676 2272 830 2321; x_wconf 79' lang='lat' dir='ltr'>Anno</span> <span class='ocrx_word' id='word_1_179' title='bbox 859 2285 966 2337; x_wconf 79' lang='lat'>-143</span> <span class='ocrx_word' id='word_1_180' title='bbox 976 2285 1022 2337; x_wconf 85' lang='lat'>5.</span> <span class='ocrx_word' id='word_1_181' title='bbox 1063 2285 1145 2332; x_wconf 94' lang='grc'>22.</span> <span class='ocrx_word' id='word_1_182' title='bbox 1186 2270 1408 2337; x_wconf 75' lang='lat' dir='ltr'>augusti.</span> <span class='ocrx_word' id='word_1_183' title='bbox 1445 2272 1636 2322; x_wconf 79' lang='lat' dir='ltr'>Coram</span> <span class='ocrx_word' id='word_1_184' title='bbox 1660 2271 1886 2337; x_wconf 85' lang='lat' dir='ltr'>capitulo</span> <span class='ocrx_word' id='word_1_185' title='bbox 1924 2271 2169 2322; x_wconf 83' lang='lat' dir='ltr'>ecclesiae</span> <span class='ocrx_word' id='word_1_186' title='bbox 2196 2269 2571 2338; x_wconf 73' lang='lat' dir='ltr'>Zagrabiensis,</span> <span class='ocrx_word' id='word_1_187' title='bbox 2598 2271 2863 2323; x_wconf 80' lang='lat' dir='ltr'>Farcasius</span> 
     </span>
    </p>

    <p class='ocr_par' dir='ltr' id='par_1_8' title="bbox 579 2340 2861 2598">
     <span class='ocr_line' id='line_1_20' title="bbox 579 2340 2861 2428; baseline 0 -19"><span class='ocrx_word' id='word_1_188' title='bbox 579 2340 588 2353; x_wconf 62' lang='lat'>⁸</span> <span class='ocrx_word' id='word_1_189' title='bbox 681 2357 820 2410; x_wconf 81' lang='lat' dir='ltr'>filius</span> <span class='ocrx_word' id='word_1_190' title='bbox 853 2358 1022 2427; x_wconf 78' lang='lat' dir='ltr'>Egidii</span> <span class='ocrx_word' id='word_1_191' title='bbox 1060 2360 1125 2413; x_wconf 84' lang='lat' dir='ltr'>de</span> <span class='ocrx_word' id='word_1_192' title='bbox 1162 2359 1414 2422; x_wconf 81' lang='lat' dir='ltr'>Clokoch,</span> <span class='ocrx_word' id='word_1_193' title='bbox 1445 2360 1804 2426; x_wconf 75' lang='lat' dir='ltr'>possessiones</span> <span class='ocrx_word' id='word_1_194' title='bbox 1830 2376 1951 2412; x_wconf 81' lang='lat' dir='ltr'>suas</span> <span class='ocrx_word' id='word_1_195' title='bbox 1990 2360 2042 2411; x_wconf 89' lang='lat' dir='ltr'>in</span> <span class='ocrx_word' id='word_1_196' title='bbox 2081 2360 2233 2413; x_wconf 81' lang='lat' dir='ltr'>infer.</span> <span class='ocrx_word' id='word_1_197' title='bbox 2262 2360 2601 2428; x_wconf 76' lang='lat' dir='ltr'>Lompnycba</span> <span class='ocrx_word' id='word_1_198' title='bbox 2638 2361 2861 2413; x_wconf 84' lang='lat' dir='ltr'>existen-</span> 
     </span>
     <span class='ocr_line' id='line_1_21' title="bbox 680 2448 2860 2519; baseline 0.001 -20"><span class='ocrx_word' id='word_1_199' title='bbox 680 2461 772 2511; x_wconf 87' lang='lat' dir='ltr'>tes,</span> <span class='ocrx_word' id='word_1_200' title='bbox 811 2460 1018 2501; x_wconf 89' lang='lat' dir='ltr'>centum</span> <span class='ocrx_word' id='word_1_201' title='bbox 1078 2461 1128 2501; x_wconf 87' lang='lat' dir='ltr'>et</span> <span class='ocrx_word' id='word_1_202' title='bbox 1183 2448 1558 2518; x_wconf 83' lang='lat' dir='ltr'>quinquaginta</span> <span class='ocrx_word' id='word_1_203' title='bbox 1611 2450 1838 2513; x_wconf 88' lang='lat' dir='ltr'>florenis,</span> <span class='ocrx_word' id='word_1_204' title='bbox 1895 2450 2171 2503; x_wconf 81' lang='lat' dir='ltr'>Francisco</span> <span class='ocrx_word' id='word_1_205' title='bbox 2226 2450 2475 2503; x_wconf 84' lang='lat' dir='ltr'>canonico</span> <span class='ocrx_word' id='word_1_206' title='bbox 2514 2451 2860 2519; x_wconf 82' lang='lat' dir='ltr'>Zagrabiensi‚</span> 
     </span>
     <span class='ocr_line' id='line_1_22' title="bbox 679 2540 2854 2598; baseline 0.004 -9"><span class='ocrx_word' id='word_1_207' title='bbox 679 2540 867 2593; x_wconf 84' lang='lat' dir='ltr'>vendit.</span> <span class='ocrx_word' id='word_1_208' title='bbox 907 2574 2854 2598; x_wconf 77' lang='lat'><strong>............................</strong></span> 
     </span>
    </p>
   </div>
   <div class='ocr_carea' id='block_1_5' title="bbox 520 2580 2865 2697">
    <p class='ocr_par' dir='ltr' id='par_1_9' title="bbox 520 2580 2865 2697">
     <span class='ocr_line' id='line_1_23' title="bbox 520 2580 2865 2697; baseline 0.003 -18"><span class='ocrx_word' id='word_1_209' title='bbox 520 2645 638 2697; x_wconf 84' lang='lat'>233.</span> <span class='ocrx_word' id='word_1_210' title='bbox 678 2631 828 2681; x_wconf 77' lang='lat' dir='ltr'>Anno</span> <span class='ocrx_word' id='word_1_211' title='bbox 875 2644 966 2697; x_wconf 86' lang='lat'>¹43</span> <span class='ocrx_word' id='word_1_212' title='bbox 977 2644 1024 2697; x_wconf 87' lang='lat'><strong>5</strong></span> <span class='ocrx_word' id='word_1_213' title='bbox 1067 2645 1152 2694; x_wconf 85' lang='lat'>24.</span> <span class='ocrx_word' id='word_1_214' title='bbox 1187 2628 1432 2682; x_wconf 77' lang='lat' dir='ltr'>octobris.</span> <span class='ocrx_word' id='word_1_215' title='bbox 1471 2580 1766 2697; x_wconf 74' lang='lat' dir='ltr'>Zagrabiae.</span> <span class='ocrx_word' id='word_1_216' title='bbox 1803 2631 2021 2683; x_wconf 80' lang='lat' dir='ltr'>Michael</span> <span class='ocrx_word' id='word_1_217' title='bbox 2060 2630 2222 2683; x_wconf 86' lang='lat' dir='ltr'>filius</span> <span class='ocrx_word' id='word_1_218' title='bbox 2234 2630 2501 2683; x_wconf 82' lang='lat' dir='ltr'>Barnabae</span> <span class='ocrx_word' id='word_1_219' title='bbox 2534 2632 2598 2681; x_wconf 88' lang='lat' dir='ltr'>de</span> <span class='ocrx_word' id='word_1_220' title='bbox 2634 2632 2777 2683; x_wconf 77' lang='lat' dir='ltr'>Odra</span> <span class='ocrx_word' id='word_1_221' title='bbox 2813 2646 2865 2685; x_wconf 84' lang='lat' dir='ltr'>et</span> 
     </span>
    </p>
   </div>
   <div class='ocr_carea' id='block_1_6' title="bbox 2876 658 3071 714">
    <p class='ocr_par' dir='ltr' id='par_1_10' title="bbox 2876 658 3071 714">
     <span class='ocr_line' id='line_1_24' title="bbox 2876 658 3071 714; baseline 0 -11"><span class='ocrx_word' id='word_1_222' title='bbox 2876 658 3071 714; x_wconf 69' lang='lat' dir='ltr'>Pagina</span> 
     </span>
    </p>
   </div>
   <div class='ocr_carea' id='block_1_7' title="bbox 2972 1036 3071 1088">
    <p class='ocr_par' dir='ltr' id='par_1_11' title="bbox 2972 1036 3071 1088">
     <span class='ocr_line' id='line_1_25' title="bbox 2972 1036 3071 1088; baseline 0.01 -1"><span class='ocrx_word' id='word_1_223' title='bbox 2972 1036 3071 1088; x_wconf 85' lang='lat'>235</span> 
     </span>
    </p>
   </div>
   <div class='ocr_carea' id='block_1_8' title="bbox 2973 1288 3085 1355">
    <p class='ocr_par' dir='ltr' id='par_1_12' title="bbox 2973 1288 3085 1355">
     <span class='ocr_line' id='line_1_26' title="bbox 2973 1288 3085 1355; baseline 0 -16"><span class='ocrx_word' id='word_1_224' title='bbox 2973 1288 3085 1355; x_wconf 81' lang='grc'>236</span> 
     </span>
    </p>
   </div>
   <div class='ocr_carea' id='block_1_9' title="bbox 2972 1749 3071 1801">
    <p class='ocr_par' dir='ltr' id='par_1_13' title="bbox 2972 1749 3071 1801">
     <span class='ocr_line' id='line_1_27' title="bbox 2972 1749 3071 1801; baseline -0.01 0"><span class='ocrx_word' id='word_1_225' title='bbox 2972 1749 3071 1801; x_wconf 87' lang='lat'>237</span> 
     </span>
    </p>
   </div>
   <div class='ocr_carea' id='block_1_10' title="bbox 2978 2545 3079 2611">
    <p class='ocr_par' dir='ltr' id='par_1_14' title="bbox 2978 2545 3079 2611">
     <span class='ocr_line' id='line_1_28' title="bbox 2978 2545 3079 2611; baseline 0 -16"><span class='ocrx_word' id='word_1_226' title='bbox 2978 2545 3079 2611; x_wconf 87' lang='grc'><strong>238</strong></span> 
     </span>
    </p>
   </div>
   <div class='ocr_carea' id='block_1_11' title="bbox 679 2719 2973 2875">
    <p class='ocr_par' dir='ltr' id='par_1_15' title="bbox 679 2719 2973 2875">
     <span class='ocr_line' id='line_1_29' title="bbox 680 2719 2947 2787; baseline 0 -16"><span class='ocrx_word' id='word_1_227' title='bbox 680 2720 933 2771; x_wconf 73' lang='lat' dir='ltr'>Fabianus</span> <span class='ocrx_word' id='word_1_228' title='bbox 959 2720 1100 2771; x_wconf 79' lang='lat' dir='ltr'>filius</span> <span class='ocrx_word' id='word_1_229' title='bbox 1123 2720 1388 2772; x_wconf 74' lang='lat' dir='ltr'>Michaelis</span> <span class='ocrx_word' id='word_1_230' title='bbox 1426 2721 1510 2771; x_wconf 88' lang='lat' dir='ltr'>de·</span> <span class='ocrx_word' id='word_1_231' title='bbox 1525 2722 1712 2787; x_wconf 80' lang='lat' dir='ltr'>Super.</span> <span class='ocrx_word' id='word_1_232' title='bbox 1748 2720 2083 2787; x_wconf 81' lang='lat' dir='ltr'>Lompnicza,</span> <span class='ocrx_word' id='word_1_233' title='bbox 2106 2720 2323 2779; x_wconf 84' lang='lat' dir='ltr'>comites</span> <span class='ocrx_word' id='word_1_234' title='bbox 2348 2720 2531 2786; x_wconf 86' lang='lat' dir='ltr'>Campi</span> <span class='ocrx_word' id='word_1_235' title='bbox 2558 2719 2865 2787; x_wconf 76' lang='lat' dir='ltr'>Zagrabien-</span> <span class='ocrx_word' id='word_1_236' title='bbox 2940 2738 2947 2743; x_wconf 93' lang='lat'>·</span> 
     </span>
     <span class='ocr_line' id='line_1_30' title="bbox 679 2808 2973 2875; baseline 0 -15"><span class='ocrx_word' id='word_1_237' title='bbox 679 2810 752 2861; x_wconf 87' lang='lat' dir='ltr'>sis</span> <span class='ocrx_word' id='word_1_238' title='bbox 800 2824 858 2861; x_wconf 88' lang='lat' dir='ltr'>ac</span> <span class='ocrx_word' id='word_1_239' title='bbox 907 2810 1204 2875; x_wconf 72' lang='lat' dir='ltr'>Stephanus</span> <span class='ocrx_word' id='word_1_240' title='bbox 1256 2808 1392 2861; x_wconf 80' lang='lat' dir='ltr'>filius</span> <span class='ocrx_word' id='word_1_241' title='bbox 1443 2810 1583 2863; x_wconf 70' lang='lat' dir='ltr'>Pedi:</span> <span class='ocrx_word' id='word_1_242' title='bbox 1633 2810 1697 2861; x_wconf 90' lang='lat' dir='ltr'>de</span> <span class='ocrx_word' id='word_1_243' title='bbox 1747 2810 2042 2870; x_wconf 82' lang='lat' dir='ltr'>Lokauech‚</span> <span class='ocrx_word' id='word_1_244' title='bbox 2094 2824 2273 2860; x_wconf 82' lang='lat' dir='ltr'>comes</span> <span class='ocrx_word' id='word_1_245' title='bbox 2322 2808 2578 2860; x_wconf 83' lang='lat' dir='ltr'>terrestris</span> <span class='ocrx_word' id='word_1_246' title='bbox 2628 2810 2863 2861; x_wconf 84' lang='lat' dir='ltr'>eiusdem</span> <span class='ocrx_word' id='word_1_247' title='bbox 2970 2824 2973 2827; x_wconf 71' lang='grc'>’</span> 
     </span>
    </p>
   </div>
   <div class='ocr_carea' id='block_1_12' title="bbox 522 2897 2868 3863">
    <p class='ocr_par' dir='ltr' id='par_1_16' title="bbox 522 2897 2868 3863">
     <span class='ocr_line' id='line_1_31' title="bbox 682 2897 2865 2966; baseline 0.001 -17"><span class='ocrx_word' id='word_1_248' title='bbox 682 2900 886 2966; x_wconf 82' lang='lat' dir='ltr'>Campi,</span> <span class='ocrx_word' id='word_1_249' title='bbox 921 2900 1258 2951; x_wconf 86' lang='lat' dir='ltr'>statutionem</span> <span class='ocrx_word' id='word_1_250' title='bbox 1295 2899 1486 2950; x_wconf 81' lang='lat' dir='ltr'>nobilia</span> <span class='ocrx_word' id='word_1_251' title='bbox 1521 2899 1764 2951; x_wconf 87' lang='lat' dir='ltr'>dominae</span> <span class='ocrx_word' id='word_1_252' title='bbox 1818 2898 2044 2965; x_wconf 74' lang='lat' dir='ltr'>Agathae</span> <span class='ocrx_word' id='word_1_253' title='bbox 2083 2897 2217 2949; x_wconf 85' lang='lat' dir='ltr'>filiae</span> <span class='ocrx_word' id='word_1_254' title='bbox 2256 2899 2410 2949; x_wconf 78' lang='lat' dir='ltr'>Marci</span> <span class='ocrx_word' id='word_1_255' title='bbox 2449 2898 2654 2965; x_wconf 56' lang='lat' dir='ltr'>nespotis</span> <span class='ocrx_word' id='word_1_256' title='bbox 2692 2900 2865 2951; x_wconf 79' lang='lat' dir='ltr'>Lachk</span> 
     </span>
     <span class='ocr_line' id='line_1_32' title="bbox 677 2986 2855 3057; baseline 0 -17"><span class='ocrx_word' id='word_1_257' title='bbox 677 2991 741 3040; x_wconf 90' lang='lat' dir='ltr'>de</span> <span class='ocrx_word' id='word_1_258' title='bbox 779 2990 962 3051; x_wconf 78' lang='lat' dir='ltr'>Mlaka,</span> <span class='ocrx_word' id='word_1_259' title='bbox 999 2990 1052 3040; x_wconf 90' lang='lat' dir='ltr'>in</span> <span class='ocrx_word' id='word_1_260' title='bbox 1091 2990 1342 3056; x_wconf 86' lang='lat' dir='ltr'>quasdam</span> <span class='ocrx_word' id='word_1_261' title='bbox 1383 2988 1743 3057; x_wconf 78' lang='lat' dir='ltr'>possessiones</span> <span class='ocrx_word' id='word_1_262' title='bbox 1782 2989 1833 3038; x_wconf 88' lang='lat' dir='ltr'>in</span> <span class='ocrx_word' id='word_1_263' title='bbox 1871 2989 2039 3039; x_wconf 80' lang='lat' dir='ltr'>Mlaka</span> <span class='ocrx_word' id='word_1_264' title='bbox 2074 2986 2368 3049; x_wconf 72' lang='lat' dir='ltr'>existentes,</span> <span class='ocrx_word' id='word_1_265' title='bbox 2407 2987 2691 3040; x_wconf 84' lang='lat' dir='ltr'>notificant.</span> <span class='ocrx_word' id='word_1_266' title='bbox 2767 3022 2785 3043; x_wconf 83' lang='lat'>.</span> <span class='ocrx_word' id='word_1_267' title='bbox 2840 3023 2855 3041; x_wconf 92' lang='lat'>.</span> 
     </span>
     <span class='ocr_line' id='line_1_33' title="bbox 522 3075 2861 3147; baseline 0 -18"><span class='ocrx_word' id='word_1_268' title='bbox 522 3094 640 3146; x_wconf 84' lang='grc'><strong>234.</strong></span> <span class='ocrx_word' id='word_1_269' title='bbox 678 3082 829 3130; x_wconf 75' lang='lat' dir='ltr'>Anno</span> <span class='ocrx_word' id='word_1_270' title='bbox 873 3094 1025 3147; x_wconf 80' lang='lat'><strong>¹435·</strong></span> <span class='ocrx_word' id='word_1_271' title='bbox 1066 3094 1116 3147; x_wconf 85' lang='lat'>5.</span> <span class='ocrx_word' id='word_1_272' title='bbox 1149 3079 1458 3134; x_wconf 80' lang='lat' dir='ltr'>decembris.</span> <span class='ocrx_word' id='word_1_273' title='bbox 1495 3078 1664 3129; x_wconf 87' lang='lat' dir='ltr'>Litera</span> <span class='ocrx_word' id='word_1_274' title='bbox 1691 3075 1954 3129; x_wconf 82' lang='lat' dir='ltr'>Michaelis</span> <span class='ocrx_word' id='word_1_275' title='bbox 1993 3076 2082 3129; x_wconf 88' lang='lat' dir='ltr'>filii</span> <span class='ocrx_word' id='word_1_276' title='bbox 2123 3077 2385 3129; x_wconf 78' lang='lat' dir='ltr'>Barnabae</span> <span class='ocrx_word' id='word_1_277' title='bbox 2411 3078 2475 3129; x_wconf 90' lang='lat' dir='ltr'>de</span> <span class='ocrx_word' id='word_1_278' title='bbox 2503 3077 2647 3129; x_wconf 88' lang='lat' dir='ltr'>Odra</span> <span class='ocrx_word' id='word_1_279' title='bbox 2683 3090 2733 3129; x_wconf 88' lang='lat' dir='ltr'>et</span> <span class='ocrx_word' id='word_1_280' title='bbox 2770 3079 2861 3129; x_wconf 84' lang='lat' dir='ltr'>Fa·</span> 
     </span>
     <span class='ocr_line' id='line_1_34' title="bbox 681 3163 2864 3235; baseline 0 -16"><span class='ocrx_word' id='word_1_281' title='bbox 681 3167 818 3219; x_wconf 87' lang='lat' dir='ltr'>biani</span> <span class='ocrx_word' id='word_1_282' title='bbox 857 3166 948 3219; x_wconf 76' lang='lat' dir='ltr'>filii</span> <span class='ocrx_word' id='word_1_283' title='bbox 1003 3168 1268 3219; x_wconf 73' lang='lat' dir='ltr'>Michaelis</span> <span class='ocrx_word' id='word_1_284' title='bbox 1325 3169 1388 3219; x_wconf 89' lang='lat' dir='ltr'>de</span> <span class='ocrx_word' id='word_1_285' title='bbox 1444 3168 1710 3235; x_wconf 83' lang='lat' dir='ltr'>Superiori</span> <span class='ocrx_word' id='word_1_286' title='bbox 1731 3166 2063 3233; x_wconf 81' lang='lat' dir='ltr'>Lompnicza,</span> <span class='ocrx_word' id='word_1_287' title='bbox 2096 3166 2221 3217; x_wconf 84' lang='lat' dir='ltr'>alias</span> <span class='ocrx_word' id='word_1_288' title='bbox 2257 3163 2508 3219; x_wconf 86' lang='lat' dir='ltr'>comitum</span> <span class='ocrx_word' id='word_1_289' title='bbox 2546 3166 2731 3233; x_wconf 84' lang='lat' dir='ltr'>Campi</span> <span class='ocrx_word' id='word_1_290' title='bbox 2770 3168 2864 3219; x_wconf 86' lang='lat' dir='ltr'>Za-</span> 
     </span>
     <span class='ocr_line' id='line_1_35' title="bbox 673 3242 2867 3327; baseline -0.001 -18"><span class='ocrx_word' id='word_1_291' title='bbox 673 3258 978 3325; x_wconf 70' lang='lat' dir='ltr'>grabiensts,</span> <span class='ocrx_word' id='word_1_292' title='bbox 1017 3266 1068 3309; x_wconf 74' lang='lat' dir='ltr'>et</span> <span class='ocrx_word' id='word_1_293' title='bbox 1087 3258 1332 3327; x_wconf 47' lang='lat' dir='ltr'>stephani</span> <span class='ocrx_word' id='word_1_294' title='bbox 1372 3256 1462 3308; x_wconf 75' lang='lat' dir='ltr'>fini</span> <span class='ocrx_word' id='word_1_295' title='bbox 1502 3242 1642 3308; x_wconf 74' lang='lat' dir='ltr'>Pe‘dk</span> <span class='ocrx_word' id='word_1_296' title='bbox 1679 3258 1742 3306; x_wconf 76' lang='lat' dir='ltr'>de</span> <span class='ocrx_word' id='word_1_297' title='bbox 1781 3257 2081 3317; x_wconf 71' lang='lat' dir='ltr'>Lokawecz,</span> <span class='ocrx_word' id='word_1_298' title='bbox 2119 3271 2217 3321; x_wconf 78' lang='lat' dir='ltr'>pro</span> <span class='ocrx_word' id='word_1_299' title='bbox 2236 3265 2379 3321; x_wconf 72' lang='lat' dir='ltr'>parte</span> <span class='ocrx_word' id='word_1_300' title='bbox 2406 3256 2573 3322; x_wconf 80' lang='lat' dir='ltr'>Egidii</span> <span class='ocrx_word' id='word_1_301' title='bbox 2596 3254 2867 3317; x_wconf 66' lang='lat' dir='ltr'>carnificis,</span> 
     </span>
     <span class='ocr_line' id='line_1_36' title="bbox 678 3344 2866 3415; baseline -0.001 -18"><span class='ocrx_word' id='word_1_302' title='bbox 678 3362 836 3415; x_wconf 88' lang='lat' dir='ltr'>super</span> <span class='ocrx_word' id='word_1_303' title='bbox 872 3346 1292 3414; x_wconf 84' lang='lat' dir='ltr'>possessionibus</span> <span class='ocrx_word' id='word_1_304' title='bbox 1329 3358 1380 3398; x_wconf 88' lang='lat' dir='ltr'>et</span> <span class='ocrx_word' id='word_1_305' title='bbox 1416 3346 1750 3414; x_wconf 86' lang='lat' dir='ltr'>porcionibus</span> <span class='ocrx_word' id='word_1_306' title='bbox 1787 3346 1896 3396; x_wconf 84' lang='lat' dir='ltr'>suis</span> <span class='ocrx_word' id='word_1_307' title='bbox 1933 3344 2357 3413; x_wconf 79' lang='lat' dir='ltr'>possessionariis</span> <span class='ocrx_word' id='word_1_308' title='bbox 2392 3344 2695 3415; x_wconf 69' lang='lat' dir='ltr'>quartalitiis</span> <span class='ocrx_word' id='word_1_309' title='bbox 2743 3360 2866 3396; x_wconf 89' lang='lat' dir='ltr'>con-</span> 
     </span>
     <span class='ocr_line' id='line_1_37' title="bbox 681 3435 2854 3501; baseline 0 -14"><span class='ocrx_word' id='word_1_310' title='bbox 681 3435 814 3489; x_wconf 83' lang='lat' dir='ltr'>fecta</span> <span class='ocrx_word' id='word_1_311' title='bbox 850 3447 901 3488; x_wconf 87' lang='lat' dir='ltr'>et</span> <span class='ocrx_word' id='word_1_312' title='bbox 938 3447 1189 3491; x_wconf 79' lang='lat' dir='ltr'>emanata.</span> <span class='ocrx_word' id='word_1_313' title='bbox 1263 3472 1708 3491; x_wconf 87' lang='lat'>.......</span> <span class='ocrx_word' id='word_1_314' title='bbox 1749 3496 1754 3501; x_wconf 50' lang='grc'><strong>,</strong></span> <span class='ocrx_word' id='word_1_315' title='bbox 1765 3470 2854 3491; x_wconf 87' lang='grc'><strong>................</strong></span> 
     </span>
     <span class='ocr_line' id='line_1_38' title="bbox 527 3524 2865 3595; baseline -0.001 -18"><span class='ocrx_word' id='word_1_316' title='bbox 527 3542 590 3594; x_wconf 86' lang='lat'>23</span> <span class='ocrx_word' id='word_1_317' title='bbox 599 3543 646 3595; x_wconf 83' lang='lat'>5.</span> <span class='ocrx_word' id='word_1_318' title='bbox 686 3530 838 3579; x_wconf 79' lang='lat' dir='ltr'>Anno</span> <span class='ocrx_word' id='word_1_319' title='bbox 885 3524 1033 3593; x_wconf 82' lang='grc'><strong>1436.</strong></span> <span class='ocrx_word' id='word_1_320' title='bbox 1072 3544 1126 3595; x_wconf 87' lang='grc'>9.</span> <span class='ocrx_word' id='word_1_321' title='bbox 1163 3525 1422 3577; x_wconf 83' lang='lat' dir='ltr'>februarii.</span> <span class='ocrx_word' id='word_1_322' title='bbox 1459 3524 1826 3593; x_wconf 81' lang='lat' dir='ltr'>Sigismundus</span> <span class='ocrx_word' id='word_1_323' title='bbox 1865 3524 2158 3595; x_wconf 72' lang='lat' dir='ltr'>Hungariae</span> <span class='ocrx_word' id='word_1_324' title='bbox 2197 3536 2293 3591; x_wconf 84' lang='lat' dir='ltr'>etc.</span> <span class='ocrx_word' id='word_1_325' title='bbox 2331 3539 2437 3587; x_wconf 80' lang='lat' dir='ltr'>rex,</span> <span class='ocrx_word' id='word_1_326' title='bbox 2488 3524 2865 3575; x_wconf 74' lang='lat' dir='ltr'>restitutionem</span> 
     </span>
     <span class='ocr_line' id='line_1_39' title="bbox 683 3613 2868 3683; baseline -0.002 -16"><span class='ocrx_word' id='word_1_327' title='bbox 683 3618 844 3669; x_wconf 87' lang='lat' dir='ltr'>silvae</span> <span class='ocrx_word' id='word_1_328' title='bbox 881 3616 1134 3667; x_wconf 86' lang='lat' dir='ltr'>nobilium</span> <span class='ocrx_word' id='word_1_329' title='bbox 1177 3615 1508 3683; x_wconf 85' lang='lat' dir='ltr'>iobagionum</span> <span class='ocrx_word' id='word_1_330' title='bbox 1547 3614 1884 3667; x_wconf 84' lang='lat' dir='ltr'>castrensium</span> <span class='ocrx_word' id='word_1_331' title='bbox 1925 3615 1990 3665; x_wconf 90' lang='lat' dir='ltr'>de</span> <span class='ocrx_word' id='word_1_332' title='bbox 2028 3615 2231 3680; x_wconf 84' lang='lat' dir='ltr'>Campo</span> <span class='ocrx_word' id='word_1_333' title='bbox 2265 3613 2611 3681; x_wconf 83' lang='lat' dir='ltr'>Zagrabiensi,</span> <span class='ocrx_word' id='word_1_334' title='bbox 2638 3628 2732 3679; x_wconf 84' lang='lat' dir='ltr'>per</span> <span class='ocrx_word' id='word_1_335' title='bbox 2756 3615 2868 3663; x_wconf 89' lang='lat' dir='ltr'>Ste-</span> 
     </span>
     <span class='ocr_line' id='line_1_40' title="bbox 685 3704 2867 3777; baseline -0.001 -19"><span class='ocrx_word' id='word_1_336' title='bbox 685 3708 914 3777; x_wconf 76' lang='lat' dir='ltr'>phanum</span> <span class='ocrx_word' id='word_1_337' title='bbox 952 3708 1143 3758; x_wconf 87' lang='lat' dir='ltr'>banum</span> <span class='ocrx_word' id='word_1_338' title='bbox 1181 3706 1340 3758; x_wconf 88' lang='lat' dir='ltr'>totius</span> <span class='ocrx_word' id='word_1_339' title='bbox 1377 3706 1679 3757; x_wconf 86' lang='lat' dir='ltr'>Sclauoniae</span> <span class='ocrx_word' id='word_1_340' title='bbox 1717 3720 1762 3756; x_wconf 89' lang='lat' dir='ltr'>a.</span> <span class='ocrx_word' id='word_1_341' title='bbox 1809 3719 1956 3773; x_wconf 89' lang='grc'><strong>1255.</strong></span> <span class='ocrx_word' id='word_1_342' title='bbox 1994 3704 2197 3767; x_wconf 82' lang='lat' dir='ltr'>factam,</span> <span class='ocrx_word' id='word_1_343' title='bbox 2216 3714 2373 3770; x_wconf 86' lang='lat' dir='ltr'>atque</span> <span class='ocrx_word' id='word_1_344' title='bbox 2397 3704 2583 3755; x_wconf 90' lang='lat' dir='ltr'>eodem</span> <span class='ocrx_word' id='word_1_345' title='bbox 2609 3718 2747 3755; x_wconf 88' lang='lat' dir='ltr'>anno</span> <span class='ocrx_word' id='word_1_346' title='bbox 2773 3719 2867 3770; x_wconf 78' lang='lat' dir='ltr'>per</span> 
     </span>
     <span class='ocr_line' id='line_1_41' title="bbox 685 3792 2854 3863; baseline 0 -16"><span class='ocrx_word' id='word_1_347' title='bbox 685 3799 862 3849; x_wconf 86' lang='lat' dir='ltr'>Belam</span> <span class='ocrx_word' id='word_1_348' title='bbox 903 3795 1196 3863; x_wconf 80' lang='lat' dir='ltr'>Hungariae</span> <span class='ocrx_word' id='word_1_349' title='bbox 1234 3807 1328 3851; x_wconf 84' lang='lat' dir='ltr'>etc.</span> <span class='ocrx_word' id='word_1_350' title='bbox 1366 3810 1544 3863; x_wconf 75' lang='lat' dir='ltr'>regem</span> <span class='ocrx_word' id='word_1_351' title='bbox 1583 3794 1956 3855; x_wconf 73' lang='lat' dir='ltr'>confirmatam,</span> <span class='ocrx_word' id='word_1_352' title='bbox 1997 3803 2157 3845; x_wconf 86' lang='lat' dir='ltr'>ratam</span> <span class='ocrx_word' id='word_1_353' title='bbox 2196 3792 2365 3847; x_wconf 82' lang='lat' dir='ltr'>habet.</span> <span class='ocrx_word' id='word_1_354' title='bbox 2410 3828 2854 3847; x_wconf 89' lang='grc'><strong>.......</strong></span> 
     </span>
    </p>
   </div>
   <div class='ocr_carea' id='block_1_13' title="bbox 531 3890 2870 4230">
    <p class='ocr_par' dir='ltr' id='par_1_17' title="bbox 531 3890 2870 4230">
     <span class='ocr_line' id='line_1_42' title="bbox 531 3890 2869 3963; baseline -0.003 -16"><span class='ocrx_word' id='word_1_355' title='bbox 531 3894 650 3963; x_wconf 86' lang='grc'><strong>236.</strong></span> <span class='ocrx_word' id='word_1_356' title='bbox 689 3897 842 3947; x_wconf 81' lang='lat' dir='ltr'>Anno</span> <span class='ocrx_word' id='word_1_357' title='bbox 887 3892 1036 3961; x_wconf 87' lang='grc'><strong>1436.</strong></span> <span class='ocrx_word' id='word_1_358' title='bbox 1076 3910 1128 3962; x_wconf 87' lang='grc'>9.</span> <span class='ocrx_word' id='word_1_359' title='bbox 1165 3891 1426 3945; x_wconf 84' lang='lat' dir='ltr'>februarii.</span> <span class='ocrx_word' id='word_1_360' title='bbox 1476 3892 1842 3960; x_wconf 80' lang='lat' dir='ltr'>Sigismundus</span> <span class='ocrx_word' id='word_1_361' title='bbox 1894 3893 2187 3957; x_wconf 76' lang='lat' dir='ltr'>Hungarlae</span> <span class='ocrx_word' id='word_1_362' title='bbox 2238 3902 2332 3944; x_wconf 87' lang='lat' dir='ltr'>etc.</span> <span class='ocrx_word' id='word_1_363' title='bbox 2382 3905 2486 3953; x_wconf 79' lang='lat' dir='ltr'>rex,</span> <span class='ocrx_word' id='word_1_364' title='bbox 2538 3890 2869 3958; x_wconf 79' lang='lat' dir='ltr'>privilegium</span> 
     </span>
     <span class='ocr_line' id='line_1_43' title="bbox 682 3979 2870 4051; baseline -0.001 -17"><span class='ocrx_word' id='word_1_365' title='bbox 682 3982 904 4035; x_wconf 82' lang='lat' dir='ltr'>Ladislai</span> <span class='ocrx_word' id='word_1_366' title='bbox 944 3983 1238 4050; x_wconf 76' lang='lat' dir='ltr'>Hungariae</span> <span class='ocrx_word' id='word_1_367' title='bbox 1274 3994 1369 4034; x_wconf 91' lang='lat' dir='ltr'>etc.</span> <span class='ocrx_word' id='word_1_368' title='bbox 1410 3983 1548 4049; x_wconf 80' lang='lat' dir='ltr'>regis</span> <span class='ocrx_word' id='word_1_369' title='bbox 1584 3998 1632 4035; x_wconf 85' lang='lat' dir='ltr'>a.</span> <span class='ocrx_word' id='word_1_370' title='bbox 1677 3996 1824 4051; x_wconf 88' lang='grc'><strong>1279.</strong></span> <span class='ocrx_word' id='word_1_371' title='bbox 1867 3979 1948 4033; x_wconf 87' lang='grc'>26.</span> <span class='ocrx_word' id='word_1_372' title='bbox 1990 3980 2110 4031; x_wconf 83' lang='lat' dir='ltr'>maii</span> <span class='ocrx_word' id='word_1_373' title='bbox 2137 3991 2451 4042; x_wconf 85' lang='lat' dir='ltr'>emanatum,</span> <span class='ocrx_word' id='word_1_374' title='bbox 2478 3996 2587 4046; x_wconf 90' lang='lat' dir='ltr'>quo</span> <span class='ocrx_word' id='word_1_375' title='bbox 2610 3980 2870 4032; x_wconf 84' lang='lat' dir='ltr'>libertates</span> 
     </span>
     <span class='ocr_line' id='line_1_44' title="bbox 683 4068 2870 4140; baseline -0.001 -16"><span class='ocrx_word' id='word_1_376' title='bbox 683 4073 935 4125; x_wconf 87' lang='lat' dir='ltr'>nobilium</span> <span class='ocrx_word' id='word_1_377' title='bbox 975 4071 1308 4140; x_wconf 74' lang='lat' dir='ltr'>iobagionutn</span> <span class='ocrx_word' id='word_1_378' title='bbox 1346 4073 1410 4122; x_wconf 84' lang='lat' dir='ltr'>de</span> <span class='ocrx_word' id='word_1_379' title='bbox 1447 4073 1648 4136; x_wconf 85' lang='lat' dir='ltr'>Campo</span> <span class='ocrx_word' id='word_1_380' title='bbox 1699 4070 2047 4139; x_wconf 75' lang='lat' dir='ltr'>Zagrabiensi,</span> <span class='ocrx_word' id='word_1_381' title='bbox 2097 4084 2191 4136; x_wconf 90' lang='lat' dir='ltr'>per</span> <span class='ocrx_word' id='word_1_382' title='bbox 2229 4068 2495 4120; x_wconf 86' lang='lat' dir='ltr'>Nicolaum</span> <span class='ocrx_word' id='word_1_383' title='bbox 2543 4070 2741 4121; x_wconf 73' lang='lat' dir='ltr'>&#39;benum</span> <span class='ocrx_word' id='word_1_384' title='bbox 2789 4078 2870 4121; x_wconf 89' lang='lat' dir='ltr'>to-</span> 
     </span>
     <span class='ocr_line' id='line_1_45' title="bbox 683 4159 2862 4230; baseline -0 -16"><span class='ocrx_word' id='word_1_385' title='bbox 683 4164 785 4214; x_wconf 91' lang='lat' dir='ltr'>tius</span> <span class='ocrx_word' id='word_1_386' title='bbox 821 4162 1126 4215; x_wconf 85' lang='lat' dir='ltr'>Sclauoniae</span> <span class='ocrx_word' id='word_1_387' title='bbox 1163 4179 1208 4217; x_wconf 86' lang='lat' dir='ltr'>a.</span> <span class='ocrx_word' id='word_1_388' title='bbox 1255 4164 1403 4229; x_wconf 90' lang='grc'><strong>1278.</strong></span> <span class='ocrx_word' id='word_1_389' title='bbox 1443 4162 1782 4230; x_wconf 84' lang='lat' dir='ltr'>conscriptae,</span> <span class='ocrx_word' id='word_1_390' title='bbox 1821 4159 2209 4221; x_wconf 83' lang='lat' dir='ltr'>confirmantur,</span> <span class='ocrx_word' id='word_1_391' title='bbox 2248 4170 2413 4210; x_wconf 86' lang='lat' dir='ltr'>ratum</span> <span class='ocrx_word' id='word_1_392' title='bbox 2436 4159 2603 4214; x_wconf 87' lang='lat' dir='ltr'>habet.</span> <span class='ocrx_word' id='word_1_393' title='bbox 2631 4196 2647 4215; x_wconf 87' lang='lat'>.</span> <span class='ocrx_word' id='word_1_394' title='bbox 2701 4195 2718 4214; x_wconf 91' lang='lat'>.</span> <span class='ocrx_word' id='word_1_395' title='bbox 2775 4195 2791 4214; x_wconf 90' lang='lat'>.</span> <span class='ocrx_word' id='word_1_396' title='bbox 2846 4195 2862 4215; x_wconf 90' lang='lat'>.</span> 
     </span>
    </p>
   </div>
   <div class='ocr_carea' id='block_1_14' title="bbox 528 4257 2875 5043">
    <p class='ocr_par' dir='ltr' id='par_1_18' title="bbox 528 4257 2875 5043">
     <span class='ocr_line' id='line_1_46' title="bbox 528 4257 2873 4329; baseline -0.002 -16"><span class='ocrx_word' id='word_1_397' title='bbox 528 4276 647 4329; x_wconf 83' lang='lat'>²37-</span> <span class='ocrx_word' id='word_1_398' title='bbox 689 4263 838 4311; x_wconf 78' lang='lat' dir='ltr'>Anno</span> <span class='ocrx_word' id='word_1_399' title='bbox 884 4258 1036 4327; x_wconf 85' lang='grc'><strong>1436.</strong></span> <span class='ocrx_word' id='word_1_400' title='bbox 1075 4276 1158 4327; x_wconf 88' lang='grc'>30.</span> <span class='ocrx_word' id='word_1_401' title='bbox 1200 4260 1328 4313; x_wconf 90' lang='lat' dir='ltr'>iulii.</span> <span class='ocrx_word' id='word_1_402' title='bbox 1367 4258 1660 4326; x_wconf 83' lang='lat' dir='ltr'>Zagrabiae.</span> <span class='ocrx_word' id='word_1_403' title='bbox 1699 4258 1918 4310; x_wconf 81' lang='lat' dir='ltr'>Michael</span> <span class='ocrx_word' id='word_1_404' title='bbox 1944 4257 2081 4309; x_wconf 82' lang='lat' dir='ltr'>filius</span> <span class='ocrx_word' id='word_1_405' title='bbox 2110 4258 2373 4309; x_wconf 83' lang='lat' dir='ltr'>Barnabae</span> <span class='ocrx_word' id='word_1_406' title='bbox 2410 4258 2473 4309; x_wconf 91' lang='lat' dir='ltr'>de</span> <span class='ocrx_word' id='word_1_407' title='bbox 2510 4257 2653 4309; x_wconf 84' lang='lat' dir='ltr'>Odra</span> <span class='ocrx_word' id='word_1_408' title='bbox 2690 4270 2741 4310; x_wconf 89' lang='lat' dir='ltr'>et</span> <span class='ocrx_word' id='word_1_409' title='bbox 2776 4260 2873 4309; x_wconf 84' lang='lat' dir='ltr'>Fa-</span> 
     </span>
     <span class='ocr_line' id='line_1_47' title="bbox 682 4346 2869 4415; baseline -0.001 -13"><span class='ocrx_word' id='word_1_410' title='bbox 682 4349 868 4402; x_wconf 84' lang='lat' dir='ltr'>bianus</span> <span class='ocrx_word' id='word_1_411' title='bbox 905 4349 1045 4401; x_wconf 80' lang='lat' dir='ltr'>filius</span> <span class='ocrx_word' id='word_1_412' title='bbox 1081 4348 1346 4401; x_wconf 77' lang='lat' dir='ltr'>Michaelis</span> <span class='ocrx_word' id='word_1_413' title='bbox 1384 4349 1449 4400; x_wconf 87' lang='lat' dir='ltr'>de</span> <span class='ocrx_word' id='word_1_414' title='bbox 1485 4350 1669 4414; x_wconf 87' lang='lat' dir='ltr'>Super.</span> <span class='ocrx_word' id='word_1_415' title='bbox 1697 4346 2029 4415; x_wconf 81' lang='lat' dir='ltr'>Lompnicza,</span> <span class='ocrx_word' id='word_1_416' title='bbox 2057 4348 2275 4398; x_wconf 89' lang='lat' dir='ltr'>comites</span> <span class='ocrx_word' id='word_1_417' title='bbox 2300 4347 2485 4413; x_wconf 85' lang='lat' dir='ltr'>Campi</span> <span class='ocrx_word' id='word_1_418' title='bbox 2512 4347 2869 4415; x_wconf 76' lang='lat' dir='ltr'>Zagrabiensis</span> 
     </span>
     <span class='ocr_line' id='line_1_48' title="bbox 685 4435 2869 4505; baseline -0.002 -14"><span class='ocrx_word' id='word_1_419' title='bbox 685 4455 741 4491; x_wconf 89' lang='lat' dir='ltr'>ac</span> <span class='ocrx_word' id='word_1_420' title='bbox 778 4439 1074 4505; x_wconf 80' lang='lat' dir='ltr'>Stephanus</span> <span class='ocrx_word' id='word_1_421' title='bbox 1109 4438 1246 4491; x_wconf 79' lang='lat' dir='ltr'>filius</span> <span class='ocrx_word' id='word_1_422' title='bbox 1284 4437 1426 4489; x_wconf 81' lang='lat' dir='ltr'>Pedk</span> <span class='ocrx_word' id='word_1_423' title='bbox 1463 4439 1526 4488; x_wconf 90' lang='lat' dir='ltr'>de</span> <span class='ocrx_word' id='word_1_424' title='bbox 1566 4438 1848 4497; x_wconf 78' lang='lat' dir='ltr'>Lokauecz,</span> <span class='ocrx_word' id='word_1_425' title='bbox 1886 4451 2065 4488; x_wconf 88' lang='lat' dir='ltr'>comes</span> <span class='ocrx_word' id='word_1_426' title='bbox 2103 4437 2361 4487; x_wconf 77' lang='lat' dir='ltr'>terrestris</span> <span class='ocrx_word' id='word_1_427' title='bbox 2398 4435 2631 4487; x_wconf 79' lang='lat' dir='ltr'>eiusdem</span> <span class='ocrx_word' id='word_1_428' title='bbox 2670 4435 2869 4502; x_wconf 83' lang='lat' dir='ltr'>Campi,</span> 
     </span>
     <span class='ocr_line' id='line_1_49' title="bbox 684 4519 2870 4591; baseline -0.002 -12"><span class='ocrx_word' id='word_1_429' title='bbox 684 4528 1014 4579; x_wconf 86' lang='lat' dir='ltr'>statutionem</span> <span class='ocrx_word' id='word_1_430' title='bbox 1059 4527 1314 4579; x_wconf 81' lang='lat' dir='ltr'>Francisci</span> <span class='ocrx_word' id='word_1_431' title='bbox 1341 4526 1430 4577; x_wconf 89' lang='lat' dir='ltr'>filii</span> <span class='ocrx_word' id='word_1_432' title='bbox 1460 4527 1594 4577; x_wconf 85' lang='lat' dir='ltr'>iwan</span> <span class='ocrx_word' id='word_1_433' title='bbox 1635 4527 1698 4576; x_wconf 87' lang='lat' dir='ltr'>de</span> <span class='ocrx_word' id='word_1_434' title='bbox 1739 4525 1888 4577; x_wconf 87' lang='lat' dir='ltr'>lnfer.</span> <span class='ocrx_word' id='word_1_435' title='bbox 1918 4526 2249 4591; x_wconf 79' lang='lat' dir='ltr'>Lompnic2a‚</span> <span class='ocrx_word' id='word_1_436' title='bbox 2286 4524 2518 4576; x_wconf 87' lang='lat' dir='ltr'>canonici</span> <span class='ocrx_word' id='word_1_437' title='bbox 2564 4519 2870 4591; x_wconf 80' lang='lat' dir='ltr'>Zagrabien-</span> 
     </span>
     <span class='ocr_line' id='line_1_50' title="bbox 687 4613 2869 4683; baseline -0.002 -15"><span class='ocrx_word' id='word_1_438' title='bbox 687 4618 778 4678; x_wconf 88' lang='lat' dir='ltr'>sis,</span> <span class='ocrx_word' id='word_1_439' title='bbox 817 4617 868 4667; x_wconf 86' lang='lat' dir='ltr'>in</span> <span class='ocrx_word' id='word_1_440' title='bbox 907 4618 1156 4683; x_wconf 83' lang='lat' dir='ltr'>quasdam</span> <span class='ocrx_word' id='word_1_441' title='bbox 1209 4616 1570 4683; x_wconf 79' lang='lat' dir='ltr'>possessiones</span> <span class='ocrx_word' id='word_1_442' title='bbox 1609 4616 1661 4665; x_wconf 88' lang='lat' dir='ltr'>in</span> <span class='ocrx_word' id='word_1_443' title='bbox 1700 4615 1958 4681; x_wconf 83' lang='lat' dir='ltr'>praedicta</span> <span class='ocrx_word' id='word_1_444' title='bbox 2010 4613 2160 4667; x_wconf 81' lang='lat' dir='ltr'>infer.</span> <span class='ocrx_word' id='word_1_445' title='bbox 2211 4615 2525 4681; x_wconf 87' lang='lat' dir='ltr'>Lompnicza</span> <span class='ocrx_word' id='word_1_446' title='bbox 2576 4614 2869 4676; x_wconf 84' lang='lat' dir='ltr'>existentes,</span> 
     </span>
     <span class='ocr_line' id='line_1_51' title="bbox 686 4704 2857 4761; baseline 0 -4"><span class='ocrx_word' id='word_1_447' title='bbox 686 4704 968 4761; x_wconf 75' lang='lat' dir='ltr'>notificant.</span> <span class='ocrx_word' id='word_1_448' title='bbox 1055 4736 2857 4760; x_wconf 85' lang='grc'><strong>..........................</strong></span> 
     </span>
     <span class='ocr_line' id='line_1_52' title="bbox 530 4791 2871 4863; baseline -0.002 -18"><span class='ocrx_word' id='word_1_449' title='bbox 530 4795 648 4863; x_wconf 89' lang='grc'><strong>238.</strong></span> <span class='ocrx_word' id='word_1_450' title='bbox 687 4798 838 4847; x_wconf 82' lang='grc' dir='ltr'><strong>Α11110</strong></span> <span class='ocrx_word' id='word_1_451' title='bbox 867 4793 1032 4862; x_wconf 78' lang='grc'><strong>1436.</strong></span> <span class='ocrx_word' id='word_1_452' title='bbox 1070 4794 1120 4847; x_wconf 90' lang='grc'>6.</span> <span class='ocrx_word' id='word_1_453' title='bbox 1157 4794 1401 4847; x_wconf 89' lang='lat' dir='ltr'>octobris.</span> <span class='ocrx_word' id='word_1_454' title='bbox 1439 4794 1628 4845; x_wconf 77' lang='lat' dir='ltr'>Coram</span> <span class='ocrx_word' id='word_1_455' title='bbox 1668 4794 1892 4861; x_wconf 86' lang='lat' dir='ltr'>capitulo</span> <span class='ocrx_word' id='word_1_456' title='bbox 1931 4792 2176 4844; x_wconf 81' lang='lat' dir='ltr'>ecclesiae</span> <span class='ocrx_word' id='word_1_457' title='bbox 2203 4791 2577 4859; x_wconf 82' lang='lat' dir='ltr'>Zagrabiensis,</span> <span class='ocrx_word' id='word_1_458' title='bbox 2613 4792 2871 4858; x_wconf 81' lang='lat' dir='ltr'>Georgius</span> 
     </span>
     <span class='ocr_line' id='line_1_53' title="bbox 689 4876 2868 4952; baseline -0.002 -17"><span class='ocrx_word' id='word_1_459' title='bbox 689 4884 824 4935; x_wconf 83' lang='lat' dir='ltr'>filius</span> <span class='ocrx_word' id='word_1_460' title='bbox 863 4883 1068 4952; x_wconf 75' lang='lat' dir='ltr'>Mathey</span> <span class='ocrx_word' id='word_1_461' title='bbox 1107 4885 1170 4935; x_wconf 89' lang='lat' dir='ltr'>de</span> <span class='ocrx_word' id='word_1_462' title='bbox 1209 4884 1541 4944; x_wconf 80' lang='lat' dir='ltr'>Borizlowcz‚</span> <span class='ocrx_word' id='word_1_463' title='bbox 1581 4882 1632 4933; x_wconf 90' lang='lat' dir='ltr'>in</span> <span class='ocrx_word' id='word_1_464' title='bbox 1672 4882 1910 4949; x_wconf 86' lang='lat' dir='ltr'>personis</span> <span class='ocrx_word' id='word_1_465' title='bbox 1937 4881 2159 4943; x_wconf 87' lang='lat' dir='ltr'>loannis,</span> <span class='ocrx_word' id='word_1_466' title='bbox 2188 4881 2380 4932; x_wconf 88' lang='lat' dir='ltr'>Nicolai</span> <span class='ocrx_word' id='word_1_467' title='bbox 2407 4891 2459 4932; x_wconf 89' lang='lat' dir='ltr'>et</span> <span class='ocrx_word' id='word_1_468' title='bbox 2489 4880 2707 4937; x_wconf 79' lang='lat' dir='ltr'>Mathiae</span> <span class='ocrx_word' id='word_1_469' title='bbox 2735 4876 2868 4931; x_wconf 84' lang='lat' dir='ltr'>filio·</span> 
     </span>
     <span class='ocr_line' id='line_1_54' title="bbox 689 4968 2875 5043; baseline -0.002 -15"><span class='ocrx_word' id='word_1_470' title='bbox 689 4990 806 5028; x_wconf 85' lang='lat' dir='ltr'>rum</span> <span class='ocrx_word' id='word_1_471' title='bbox 843 4974 1064 5027; x_wconf 83' lang='lat' dir='ltr'>condam</span> <span class='ocrx_word' id='word_1_472' title='bbox 1104 4972 1343 5043; x_wconf 80' lang='lat' dir='ltr'>Gregorii</span> <span class='ocrx_word' id='word_1_473' title='bbox 1379 4974 1444 5025; x_wconf 91' lang='lat' dir='ltr'>de</span> <span class='ocrx_word' id='word_1_474' title='bbox 1482 4973 1696 5042; x_wconf 86' lang='lat' dir='ltr'>Gepew,</span> <span class='ocrx_word' id='word_1_475' title='bbox 1734 4972 2125 5043; x_wconf 77' lang='lat' dir='ltr'>sigismundum</span> <span class='ocrx_word' id='word_1_476' title='bbox 2152 4986 2330 5041; x_wconf 74' lang='lat' dir='ltr'>regem</span> <span class='ocrx_word' id='word_1_477' title='bbox 2368 4986 2399 5023; x_wconf 80' lang='lat' dir='ltr'>a</span> <span class='ocrx_word' id='word_1_478' title='bbox 2436 4968 2727 5033; x_wconf 84' lang='lat' dir='ltr'>collatione,</span> <span class='ocrx_word' id='word_1_479' title='bbox 2769 4972 2875 5027; x_wconf 83' lang='lat' dir='ltr'>Ro·</span> 
     </span>
    </p>
   </div>
   <div class='ocr_carea' id='block_1_15' title="bbox 2977 3004 3077 3057">
    <p class='ocr_par' dir='ltr' id='par_1_19' title="bbox 2977 3004 3077 3057">
     <span class='ocr_line' id='line_1_55' title="bbox 2977 3004 3077 3057; baseline 0.01 -1"><span class='ocrx_word' id='word_1_480' title='bbox 2977 3004 3077 3057; x_wconf 81' lang='lat'>²39</span> 
     </span>
    </p>
   </div>
   <div class='ocr_carea' id='block_1_16' title="bbox 2976 3412 3077 3499">
    <p class='ocr_par' dir='ltr' id='par_1_20' title="bbox 2976 3412 3077 3499">
     <span class='ocr_line' id='line_1_56' title="bbox 2976 3412 3077 3499; baseline 0.01 -14"><span class='ocrx_word' id='word_1_481' title='bbox 2976 3412 3077 3499; x_wconf 74' lang='lat'>&#39;242</span> 
     </span>
    </p>
   </div>
   <div class='ocr_carea' id='block_1_17' title="bbox 2977 3809 3077 3857">
    <p class='ocr_par' dir='ltr' id='par_1_21' title="bbox 2977 3809 3077 3857">
     <span class='ocr_line' id='line_1_57' title="bbox 2977 3809 3077 3857; baseline 0 -13"><span class='ocrx_word' id='word_1_482' title='bbox 2977 3809 3077 3857; x_wconf 91' lang='grc'>242</span> 
     </span>
    </p>
   </div>
   <div class='ocr_carea' id='block_1_18' title="bbox 2983 4174 3082 4227">
    <p class='ocr_par' dir='ltr' id='par_1_22' title="bbox 2983 4174 3082 4227">
     <span class='ocr_line' id='line_1_58' title="bbox 2983 4174 3082 4227; baseline 0.02 -2"><span class='ocrx_word' id='word_1_483' title='bbox 2983 4174 3082 4227; x_wconf 82' lang='lat'>245</span> 
     </span>
    </p>
   </div>
   <div class='ocr_carea' id='block_1_19' title="bbox 2982 4717 3080 4767">
    <p class='ocr_par' dir='ltr' id='par_1_23' title="bbox 2982 4717 3080 4767">
     <span class='ocr_line' id='line_1_59' title="bbox 2982 4717 3080 4767; baseline 0.01 -1"><span class='ocrx_word' id='word_1_484' title='bbox 2982 4717 3080 4767; x_wconf 84' lang='lat'>247</span> 
     </span>
    </p>
   </div>
  </div>
 </body>
</html>
