3917 5592
2930 452 3051 521 36¹

508 666 726 739 partem
764 682 1006 725 versam.
1041 662 1124 724 De
1159 662 1528 741 inscriptione
1566 666 1926 726 circumcirca
1964 666 2205 726 currenti
2258 669 2367 739 legi
2402 674 2616 741 potest:
2653 672 2689 741 †
2726 672 2779 728 S.
2816 671 3064 727 IOHAN-

503 758 618 814 NIS
657 797 988 815 .......
1045 761 1106 815 In
1145 760 1378 815 archivo
1417 776 1621 815 comm.
1659 761 1790 815 nob.
1830 762 1899 815 de
1937 760 2257 831 Turopolje.

725 922 746 954 ¹
781 923 882 978 sic.

1682 1208 1894 1279 308.

717 1408 905 1469 Anno
961 1404 1146 1470 1456.
1196 1404 1255 1470 8.
1303 1409 1524 1470 martii.
1571 1410 1943 1491 Zagrabiae.

509 1601 762 1667 Coram
811 1601 1118 1669 Iohanne
1165 1602 1428 1690 lagnyk
1471 1604 1554 1671 de
1599 1603 1681 1670 In
1671 1604 1810 1690 ser.
1862 1605 2259 1682 Lukawecz,
2310 1606 2557 1671 comite
2606 1608 2765 1671 terr.
2818 1604 3067 1693 Campi

507 1709 1017 1795 Zagvabiensi&
1063 1711 1386 1777 Andreas
1419 1712 1628 1798 filius
1668 1713 1865 1778 Petri
1896 1713 1978 1778 de
2009 1713 2263 1789 Mlaka,
2313 1714 2687 1779 sessionem
2735 1735 2939 1780 suam
2988 1716 3065 1779 in

509 1817 746 1882 Mlaka
811 1819 1231 1901 existentem,
1295 1823 1600 1906 quatuor
1649 1806 1956 1907 florenis
2018 1822 2187 1886 auri
2231 1820 2475 1886 Blasio
2533 1820 2682 1905 filio
2728 1820 3069 1908 Mathyae,

1471 1928 1764 2015 pignori
1807 1928 2085 2015 obligat.

722 2144 855 2206 Nos
902 2145 1212 2206 Iohannes
1274 2146 1438 2206 filius
1499 2147 1822 2208 Benedicti
1881 2145 1991 2208 filii
2050 2142 2323 2227 Iagnyk'¹
2369 2146 2576 2207 vocati
2623 2149 2701 2208 de
2747 2148 3071 2227 Superiori

514 2252 870 2314 Lukawecz
903 2273 1116 2315 comes
1150 2254 1460 2314 terrestris
1487 2254 1714 2335 Campi
1743 2254 2190 2336 Zagrabiensis
2222 2255 2522 2316 memorie
2555 2256 3069 2317 commendamus

512 2379 626 2438 per
671 2369 1017 2440 presentes„
1063 2361 1232 2441 quod
1279 2361 1570 2422 Andreas
1630 2362 1790 2421 filius
1851 2361 2021 2422 Petri
2068 2362 2146 2422 de
2192 2362 2410 2422 Mlaka
2469 2363 2549 2423 ad
2596 2372 2874 2423 nostram
2930 2383 3068 2443 per-

503 2468 802 2528 sonaliter
865 2469 1176 2529 veniendo
1237 2468 1650 2547 presenciam,
1709 2468 2033 2530 confessus
2079 2468 2280 2529 extitit
2336 2470 2401 2530 in
2461 2471 2626 2531 hunc
2681 2473 2954 2547 modum,
2984 2481 3071 2533 -ut

503 2575 638 2655 ipse
706 2576 1023 2654 quandam
1087 2595 1268 2636 suam
1331 2576 1680 2637 sessionem
1739 2576 1803 2635 in
1865 2576 2172 2637 territorio
2246 2576 2524 2655 predicte
2596 2578 2809 2639 Mlake
2870 2599 3067 2658 penes

505 2683 854 2744 sessionem
902 2702 1084 2745 suam
1131 2683 1318 2745 aliam
1367 2684 1446 2745 ab
1495 2684 1794 2758 orientali,
1843 2684 2047 2763 ipsum
2113 2684 2349 2745 scilicet
2393 2665 2715 2746 Andream
2777 2685 2911 2745 iure
2957 2704 3067 2746 no-

509 2790 765 2852 bilitatis
813 2792 1208 2869 hereditarie,
1254 2794 1368 2854 rite
1419 2802 1482 2854 et
1526 2793 1802 2875 legitime
1851 2799 2349 2870 concernentem‚
2398 2794 2478 2854 ad
2526 2794 2944 2873 quadraginta
2976 2794 3065 2855 di-

506 2900 866 2961 mensiones
913 2902 1234 2983 wlgariter
1295 2902 1560 2963 dicendo
1608 2902 1973 2979 wdilnycze‚
2036 2901 2220 2962 simul
2263 2920 2406 2962 cum
2452 2901 2740 2962 omnibus
2788 2902 3071 2963 eiusdem

505 3008 804 3069 sessionis
852 3010 1232 3087 utilitatibus,
1281 3011 1514 3085 usibuS,
1560 3010 1967 3097 proventibus
2010 3009 2543 3071 fructuositatibus
2576 3018 2639 3070 et
2669 3010 3068 3089 pertinenciis

504 3116 830 3191 universiS‚
876 3136 990 3196 pro
1038 3126 1306 3197 quatuor
1350 3118 1604 3179 florenis
1650 3117 1786 3199 puri
1838 3118 1973 3179 auri
2020 3126 2081 3179 et
2126 3118 2274 3177 boni
2319 3117 2463 3177 iusti
2498 3118 2810 3196 ponderiS,
2856 3117 3070 3177 Blasio

505 3224 630 3283 filio
677 3224 956 3301 Mathye,
1005 3244 1080 3285 ac
1125 3246 1238 3304 per
1285 3246 1427 3287 eum
1475 3227 1605 3287 suis
1649 3226 1987 3287 heredibus
2034 3226 2462 3305 heredumque
2512 3245 2765 3286 suorum
2812 3244 3062 3286 succes-

507 3332 770 3407 soribuS,
815 3332 900 3391 ab
948 3334 1173 3393 eodem
1218 3334 1448 3409 Blasio,
1495 3354 1608 3413 per
1652 3335 2003 3414 predictum
2033 3334 2269 3395 scilicet
2296 3333 2635 3409 Andream,
2682 3342 2868 3413 prout
2902 3333 3067 3393 idem

509 3438 689 3499 nobis
739 3439 944 3501 retulit
1006 3440 1134 3501 iam
1197 3441 1378 3519 plene
1440 3441 1667 3501 habitis
1715 3450 1777 3502 et
1835 3442 2147 3521 perceptis
2194 3441 2570 3517 vendidisse,
2628 3441 2959 3501 tradidisse
3008 3449 3070 3501 et

509 3547 910 3628 assignasse;
969 3566 1183 3626 ymmo
1231 3548 1524 3623 vendidit,
1588 3550 1842 3609 tradidit
1902 3558 1965 3609 et
2027 3548 2375 3629 assignavit
2422 3568 2635 3637 coram
2692 3548 2871 3609 nobis
2918 3548 3069 3621 iure,

509 3654 899 3731 hereditarie,
947 3663 1252 3735 perpetuo
1299 3655 1762 3733 possidendam,
1809 3656 2149 3717 tenendam
2195 3656 2551 3735 pariterque
2600 3662 2662 3716 et
2692 3655 3067 3716 habendam.

507 3764 576 3822 In
623 3763 797 3822 cuius
839 3782 950 3840 rey
981 3762 1350 3823 memoriam
1398 3758 1635 3842 adque²
1682 3764 2103 3824 testimonium
2149 3762 2630 3842 firmitatemque
2678 3770 3066 3841 perpetuam,

511 3854 906 3951 presentibus
953 3871 1158 3952 sigilla
1204 3879 1420 3932 nostra
1452 3872 1530 3931 de
1561 3889 1733 3931 more
1783 3871 1935 3931 alias
1970 3880 2271 3932 consveto
2297 3870 2588 3931 duximus
2624 3866 3067 3947 appendenda;

511 3980 851 4058 assumpsit
921 3979 1352 4040 nichilominus
1415 3980 1693 4058 prefatus
1741 3980 2029 4041 Andreas
2090 3979 2155 4039 in
2215 3979 2488 4041 dominio
2543 3978 2707 4040 dicte
2770 3976 3068 4037 sessionis

509 4082 751 4147 autem³
796 4088 1062 4148 heredes
1123 4088 1234 4163 sui,
1297 4087 1646 4166 predictum
1707 4087 1984 4148 Blasium
2044 4096 2259 4149 autem
2321 4087 2588 4147 heredes
2652 4104 2799 4145 suos
2852 4092 3069 4144 contra

508 4196 818 4273 quoslibet
866 4194 1218 4275 illegitimos
1265 4194 1628 4274 inpetitores
1673 4193 1850 4269 tueri,
1895 4204 2232 4275 protegere
2280 4203 2342 4255 et
2403 4193 2739 4254 defendere
2802 4191 3069 4271 propriis

505 4303 635 4363 s'uis
685 4302 964 4382 sumptis,
1029 4302 1346 4364 laboribus
1408 4312 1471 4363 et
1518 4302 1823 4381 expensis
1886 4304 2120 4363 Datum
2176 4301 2509 4383 Zagrabie,
2573 4300 2729 4361 feria
2790 4299 3071 4360 secunda

504 4412 790 4490 proxima
819 4420 962 4472 ante
993 4412 1224 4472 festum
1251 4411 1419 4473 beati
1453 4411 1745 4493 Gregorii
1780 4430 1960 4490 pape,
1994 4430 2161 4472 anno
2194 4410 2425 4471 domini
2456 4408 2782 4470 millesimo
2806 4403 3071 4469 CCCC⁰

504 4520 1024 4603 quinquagesimo
1071 4515 1202 4580 VI⁰.

727 4640 1012 4712 originale
1048 4642 1496 4710 membraneum,
1533 4658 1570 4697 a
1605 4658 1752 4697 zona
1787 4640 2005 4697 sericea
2042 4639 2279 4697 violacei
2318 4638 2527 4695 coloris
2562 4637 2771 4708 pendet
2805 4635 3069 4705 sigillum,

510 4731 746 4787 exibcns
785 4732 844 4786 in
882 4734 1042 4786 scuto
1099 4732 1334 4802 galeam,
1375 4735 1638 4801 ceterum,
1683 4732 1834 4801 quod
1873 4732 2023 4786 circa
2073 4733 2289 4800 galeam
2330 4730 2464 4785 olim
2505 4726 2750 4795 extabat,
2789 4724 2972 4795 periit.
3009 4726 3069 4778 In

507 4824 658 4877 arch.
698 4822 886 4879 accad.
926 4820 1120 4877 scient.
1157 4822 1376 4878 Slavor.
1415 4822 1610 4878 mel-id.
1650 4822 1974 4891 Zagrabiae.

733 5005 746 5034 ¹
785 5003 866 5059 sic
942 5002 964 5034 ⁸
1002 5004 1083 5060 sic
1121 5002 1355 5075 (atque).
1431 5002 1454 5033 ⁸
1493 5003 1574 5057 sic
1611 5002 1768 5073 (aut).
