3917 5592
788 389 831 451 4

786 606 1070 689 cognatis
1117 608 1328 687 incipit
1375 630 1414 669 a
1459 609 1736 683 Ribnich,
1801 609 1906 687 qui
1955 616 2053 669 est
2085 609 2147 667 in
2178 607 2373 669 fluuio
2420 608 2765 685 Costyniza
2812 615 2874 667 et
2904 627 3017 687 per
3077 608 3343 667 eundem

785 715 1044 775 fluuium
1077 718 1466 777 descendens
1513 736 1736 778 versus
1784 717 2109 777 meridiem
2155 716 2325 776 cadit
2354 716 2417 776 in
2450 716 2639 777 alium
2686 715 2943 775 fluuium
2990 716 3342 795 Merceceg,

784 823 931 883 inde
962 843 1074 902 per
1106 824 1340 884 dictum
1387 824 1647 884 fluuium
1695 844 1916 884 versus
1948 825 2337 885 occidentem
2388 823 2669 883 aseendit
2701 830 2763 883 et
2794 822 2919 882 exit
2966 824 3047 882 ad
3090 822 3341 882 arbores

785 931 902 1010 piri
947 940 1009 992 et
1055 932 1332 1011 pomerii,
1391 940 1454 993 et
1498 931 1586 992 ibi
1630 941 1775 992 sunt
1821 942 2005 1007 mete,
2054 941 2116 993 et
2161 933 2305 993 inde
2352 932 2751 1012 progreditur
2807 951 3029 991 'versus
3076 938 3339 1009 septem·
3416 1006 3423 1011 ·

785 1040 1050 1100 trionem
1110 1060 1224 1118 per
1270 1049 1470 1101 metas
1519 1041 1842 1121 asignatas
1891 1041 1953 1101 in
2016 1042 2366 1119 predictum
2420 1042 2691 1100 riuulum
2736 1039 3080 1117 Costinyza
3126 1048 3188 1099 et
3231 1059 3343 1117 per

787 1148 1057 1207 eundem
1104 1166 1323 1207 versus
1371 1147 1675 1208 orientem
1719 1168 1944 1225 parum
1982 1150 2381 1226 procedendo
2430 1148 2557 1209 exit
2605 1149 2686 1208 ad
2712 1148 3002 1207 arborem
3050 1166 3189 1207 cras
3217 1193 3231 1221 ,
3280 1154 3343 1205 et

785 1254 870 1313 ibi
915 1263 1059 1314 sunt
1117 1264 1280 1315 mete
1327 1274 1549 1315 versus
1619 1256 2129 1335 septemtrionem
2177 1265 2241 1316 et
2283 1256 2429 1316 inde
2475 1274 2589 1334 per
2648 1264 2850 1315 metas
2900 1256 2981 1314 ad
3040 1273 3339 1314 monerou

783 1348 992 1436 bocor,
1063 1362 1166 1422 vbi
1213 1370 1358 1423 sunt
1401 1371 1567 1423 mete
1628 1372 1830 1424 terree
1881 1372 1944 1423 et
1988 1364 2133 1424 inde
2200 1366 2283 1423 ad
2345 1364 2601 1423 arbores
2670 1356 2877 1423 eaast¹
2921 1363 3093 1422 brest
3151 1369 3215 1421 et
3257 1360 3341 1420 ibi

785 1478 930 1529 sunt
975 1478 1156 1546 mete,
1206 1479 1269 1530 et
1313 1470 1458 1531 inde
1488 1471 1884 1551 progreditur
1929 1490 2043 1549 per
2092 1491 2279 1532 unam
2328 1472 2615 1532 siluulam
2650 1472 2730 1531 ad
2756 1470 3042 1530 arborem
3088 1468 3342 1549 thophol

785 1585 850 1637 et
893 1578 1038 1637 inde
1085 1586 1148 1639 et
1191 1598 1303 1656 per
1348 1586 1550 1639 metas
1597 1598 1819 1639 versus
1866 1580 2173 1640 orientem
2220 1580 2302 1639 ad
2348 1598 2540 1639 unam
2588 1578 2773 1653 viam,
2809 1586 2873 1637 et
2916 1596 3029 1656 per
3077 1576 3341 1638 eandem

784 1686 952 1746 uiam
1013 1705 1234 1746 versus
1297 1687 1619 1747 meridiem
1667 1688 1747 1747 ad
1796 1687 2085 1748 arborem
2150 1688 2379 1747 almafa
2440 1696 2505 1747 et
2547 1686 2632 1746 ibi
2697 1694 2795 1747 est
2853 1692 3037 1760 meta,
3092 1692 3155 1745 et
3196 1684 3341 1744 inde

784 1795 864 1854 ad
925 1794 1194 1872 priorem
1241 1803 1474 1855 metam
1522 1787 1878 1873 Bybnych,²
1937 1795 2045 1855 vbi
2106 1804 2203 1855 est
2247 1802 2490 1873 puteuS,
2539 1795 2707 1854 circa
2767 1813 2955 1873 quem
3016 1801 3115 1853 est
3156 1799 3339 1851 meta.

780 1902 992 1963 Prima
1051 1911 1219 1962 meta
1283 1912 1463 1977 terre,
1534 1923 1724 1982 quam
1771 1904 1919 1963 emit
1968 1922 2007 1963 a
2052 1902 2313 1963 Nicolao
2374 1910 2436 1963 et
2480 1904 2703 1963 Dobca
2748 1911 2811 1963 et
2871 1902 3000 1962 suis
3058 1900 3341 1981 cognatis

778 2009 991 2087 incipit
1038 2030 1076 2069 a
1123 2010 1365 2069 duabus
1430 2010 1753 2070 arboribus
1815 2011 2047 2071 crastfa
2092 2010 2196 2069 vbi
2245 2018 2391 2070 sunt
2440 2018 2625 2085 mete,
2672 2030 2794 2090 que
2858 2017 3026 2070 stant
3083 2008 3145 2068 in
3208 2008 3343 2086 ripa

781 2116 963 2175 unius
1025 2116 1286 2194 paludiS,
1356 2137 1480 2194 que
1529 2125 1788 2199 uocatur
1834 2118 2075 2178 Suinna
2135 2119 2401 2178 Malaca-
2435 2126 2497 2178 et
2541 2117 2686 2178 inde
2736 2138 2955 2178 versus
3020 2117 3341 2177 meridiem

780 2243 893 2302 per
953 2231 1152 2284 metas
1200 2225 1280 2283 ad
1344 2225 1630 2284 arborem
1675 2224 1869 2299 narfa,
1933 2225 2099 2285 circa
2161 2245 2349 2304 quam
2398 2234 2493 2286 est
2539 2234 2724 2301 meta,
2771 2245 2894 2305 que
2956 2233 3051 2285 est
3095 2224 3158 2284 in
3204 2223 3339 2302 ripa

782 2331 1033 2391 alterius
1082 2330 1341 2408 paludiS,
1404 2351 1526 2409 que
1572 2340 1832 2391 vocatur
1877 2332 2137 2399 Sredna.
2167 2334 2420 2393 Malaca
2466 2340 2530 2392 et
2575 2351 2686 2411 per
2735 2334 3003 2393 eundem
3064 2330 3343 2393 ascendit

781 2457 1002 2497 versus
1034 2437 1423 2497 occidentem
1471 2446 1533 2497 et
1565 2438 1691 2498 exit
1737 2458 1956 2498 versus
2006 2440 2516 2518 septemtrionem
2550 2450 2613 2499 et
2642 2439 2841 2501 tendit
2885 2459 2999 2518 per
3043 2458 3343 2519 magnum

780 2563 1071 2621 campum
1137 2564 1249 2622 per
1305 2553 1504 2605 metas
1553 2553 1615 2605 et
1659 2546 1830 2606 venit
1876 2548 1957 2606 ad
2022 2547 2367 2625 predictam
2428 2549 2723 2625 paludem
2775 2548 3015 2607 Suinna
3077 2546 3342 2619 Malaca,

784 2660 846 2711 et
891 2670 1005 2729 per
1051 2653 1318 2711 eandem
1365 2653 1753 2713 descendens
1801 2674 2042 2714 uersus·
2071 2655 2375 2715 orientem
2423 2656 2595 2715 uenit
2642 2657 2723 2715 ad
2768 2654 3038 2733 priorem
3094 2662 3342 2713 metam.

782 2758 994 2817 Prima
1055 2766 1221 2818 meta
1269 2768 1448 2832 terre,
1522 2779 1712 2838 quam
1777 2762 1927 2821 emit
1974 2782 2013 2821 a
2056 2763 2345 2837 Scorosa,
2407 2756 2667 2837 Dusco³,
2737 2763 2975 2841 Stepan
3022 2771 3084 2822 et
3129 2781 3343 2822 eorum

781 2865 1083 2945 progenie
1152 2865 1380 2945 incipit,
1454 2868 1533 2925 ab
1590 2869 1812 2929 arbore
1885 2870 2132 2949 graber,
2204 2870 2371 2929 circa
2436 2889 2627 2949 quam
2698 2877 2794 2929 est
2856 2878 3025 2929 meta
3094 2878 3155 2929 et
3200 2870 3342 2929 inde

783 2991 1002 3032 versus
1076 2974 1581 3050 septemtrionem
1649 2995 1760 3053 per
1828 2986 2031 3037 metas
2081 2978 2162 3037 ad
2210 2978 2499 3037 arborem
2559 2977 2729 3057 glog,
2802 2977 2967 3037 circa
3014 2997 3204 3055 quam
3249 2986 3344 3037 est

781 3090 968 3154 meta,
1016 3088 1078 3139 et
1106 3080 1248 3140 inde
1296 3102 1517 3142 uersus
1565 3084 1866 3144 orientem
1900 3087 1982 3145 ad
2015 3087 2303 3145 arborem
2352 3085 2505 3145 tulfa
2554 3094 2617 3145 et
2663 3085 2808 3145 inde
2857 3105 2968 3163 per
3012 3093 3213 3144 metas
3262 3085 3341 3144 ad

784 3188 1070 3246 arborem
1118 3187 1344 3261 iascen,
1405 3189 1579 3269 ‘circa
1626 3210 1815 3269 quam
1860 3202 1956 3251 est
2002 3202 2171 3253 meta
2219 3203 2281 3253 et
2328 3194 2471 3253 inde
2531 3194 2775 3253 transiit
2832 3212 3019 3254 vnam
3068 3202 3341 3267 stratam,

783 3314 904 3373 que
953 3294 1121 3354 ducit
1168 3296 1248 3355 ad
1295 3305 1578 3357 sanctum
1637 3300 1979 3360 Martinum
2028 3310 2089 3360 et
2136 3301 2309 3360 uenit
2356 3303 2436 3361 ad
2485 3321 2785 3361 monerou
2852 3302 3045 3385 bocor
3090 3310 3154 3360 et
3197 3300 3341 3359 inde

781 3420 896 3479 per
955 3410 1155 3461 metas
1204 3405 1284 3463 ad
1357 3414 1625 3465 terream
1693 3416 1926 3466 metam
1975 3417 2037 3467 et
2097 3409 2182 3467 ibi
2245 3410 2612 3469 terminatur
2670 3410 2749 3469 ad
2820 3408 3132 3469 sinistram
3179 3415 3343 3467 terra

781 3510 1050 3568 Scorosa
1098 3529 1239 3569 cum
1287 3520 1454 3570 terra
1501 3514 1800 3589 Nycolay,
1852 3516 1932 3574 ad
1981 3516 2305 3575 dexteram
2352 3526 2519 3576 terra
2565 3517 2751 3591 Petri,
2802 3526 2864 3576 et
2918 3516 3061 3575 inde
3126 3534 3341 3575 versus

788 3616 1110 3675 meridiem
1157 3617 1238 3676 ad
1284 3618 1502 3695 pirum,
1552 3628 1614 3678 et
1644 3620 1789 3680 inde
1838 3623 1918 3681 ad
1968 3623 2259 3683 arborem
2306 3623 2461 3683 tulfa
2494 3634 2556 3683 et
2590 3623 2733 3683 inde
2784 3626 2865 3684 ad
2912 3624 3081 3683 uiam
3126 3631 3188 3683 et
3231 3641 3343 3700 per

785 3725 952 3783 uiam
1000 3743 1110 3803 per
1156 3733 1356 3785 metas
1406 3728 1487 3787 ad
1531 3730 1824 3805 paludem
1889 3729 2128 3790 Suinna
2173 3733 2440 3793 Malaca.
2503 3735 2658 3793 Item
2705 3734 2903 3812 prima
2948 3742 3115 3791 meta
3162 3741 3339 3805 terre,

782 3852 970 3909 quam
1019 3833 1168 3892 emit
1213 3853 1251 3892 a
1295 3836 1656 3911 VVratizlao,
1712 3838 2021 3913 Nadesco,
2070 3839 2356 3900 Diminco
2404 3842 2543 3900 filiis
2592 3841 2905 3901 Trebenin
2954 3848 3017 3899 et
3061 3839 3341 3898 Trebesa

782 3948 845 3997 et
913 3959 1129 3999 eorum
1192 3943 1578 4021 cog-nacione
1641 3944 1854 4022 incipit
1901 3966 1940 4005 a
1985 3956 2193 4007 terrea
2254 3958 2439 4021 meta,
2506 3969 2628 4026 que
2693 3956 2789 4008 est
2848 3948 2906 4008 in
2953 3948 3091 4026 ripa
3156 3946 3338 4005 unius

780 4046 1023 4124 paludis
1071 4067 1191 4125 que
1240 4057 1502 4108 uocatur
1561 4051 1805 4110 Sredna
1851 4053 2119 4129 Malaca,
2193 4065 2254 4115 et
2299 4056 2443 4115 inde
2494 4057 2574 4115 ad
2622 4058 2878 4117 arbores
2924 4055 3117 4115 visne·
3149 4062 3213 4114 et
3255 4053 3339 4113 ibi

783 4162 879 4212 est
925 4161 1094 4213 meta
1140 4175 1361 4215 versus
1417 4156 1755 4232 meridiem,
1805 4166 1867 4217 et
1912 4160 2057 4220 inde
2106 4163 2302 4222 tendit
2350 4164 2430 4222 ad
2477 4183 2666 4222 unam
2714 4164 2879 4223 viam
2912 4181 3132 4222 versus
3179 4160 3337 4220 occi-

784 4262 1034 4321 dentem
1091 4270 1153 4321 et
1213 4283 1326 4341 per
1389 4265 1652 4323 eandem
1700 4264 1866 4325 viam
1929 4267 2101 4327 iuxta
2163 4270 2373 4329 villam
2443 4290 2555 4349 per
2601 4279 2803 4331 metas
2866 4271 2947 4329 ad
2998 4252 3339 4348 predictam

779 4370 1070 4446 paludem
1117 4371 1403 4430 videlicet
1433 4373 1677 4431 Sredna
1723 4374 1973 4434 Malaca
2004 4396 2223 4436 versus
2272 4379 2800 4456 septemtrionem,
2834 4387 2895 4438 et
2926 4378 3068 4438 inde
3116 4395 3337 4436 versus

779 4477 1166 4536 occidentem
1212 4498 1325 4556 per
1371 4480 1638 4539 eandem
1685 4482 1979 4558 paludem
2027 4486 2310 4545 ascendit
2357 4488 2438 4545 ad
2485 4496 2754 4564 pontem,
2822 4494 2884 4545 et
2930 4486 3071 4545 inde
3118 4502 3337 4543 versus

779 4584 1284 4661 septemtrionem
1329 4606 1440 4665 per
1503 4608 1692 4647 unam
1747 4597 2008 4649 stratam
2072 4593 2152 4651 ad
2220 4593 2516 4653 Goricam
2564 4603 2626 4653 et
2687 4594 2831 4653 inde
2878 4612 2991 4670 per
3052 4610 3339 4669 campum

779 4692 860 4751 ad
907 4692 1192 4753 arborem
1253 4696 1498 4774 graber,
1570 4698 1676 4774 qui
1723 4705 1819 4755 est
1867 4698 1928 4757 in
1991 4701 2216 4777 palude
2273 4702 2532 4778 Suynna
2596 4702 2864 4761 Malaca.
2935 4701 3087 4760 Item
3140 4699 3338 4779 prima

779 4810 944 4857 meta
989 4808 1169 4874 terre,
1217 4822 1406 4879 quam
1453 4804 1601 4862 emit
1625 4824 1664 4863 a
1695 4806 1940 4884 Cuplen
1974 4816 2037 4866 et
2070 4808 2196 4866 suis
2226 4809 2512 4888 cognatis
2543 4809 2759 4886 incipit
2784 4829 2821 4868 a
2853 4816 3058 4887 ponte,
3106 4808 3211 4885 qui
3243 4813 3339 4865 est

779 4925 966 4989 super
1026 4909 1317 4991 paludem
1379 4912 1622 4977 Sredna
1685 4914 1934 4978 Malaca
1994 4924 2055 4979 et
2104 4914 2245 4979 inde
2308 4936 2533 4999 parurn
2593 4916 3055 5001 progrediendo
3120 4932 3335 4978 versus
