3917 5592
833 413 955 491 138

823 653 884 706 et
953 653 1096 724 post
1139 645 1258 705 hec
1303 643 1498 723 ipsius
1545 639 1912 704 statucionis
1957 636 2203 718 seriem,
2250 650 2321 703 vt·
2358 632 2547 703 tuerit
2590 632 2948 722 expedienS,
2994 632 3177 704 nobis
3230 632 3379 703 ami-

819 751 1118 813 cabiliter·
1165 752 1538 825 rescribatiS,
1609 751 1672 811 in
1740 770 1866 831 quo
1937 751 2138 812 eciam
2205 750 2469 811 termino
2540 749 2778 811 eisdem
2824 751 2965 811 filiis
3012 750 3253 811 Nicolai
3302 768 3381 810 ex

814 868 991 938 parte
1055 858 1359 919 dictorum
1422 856 1719 917 nobilium
1766 857 1845 918 de
1897 856 2093 931 Odra,
2142 876 2333 936 super
2377 857 2697 936 premissis
2744 857 2925 918 sactis
2972 856 3373 937 potenciariis

816 966 1124 1033 iusticiam
1185 965 1462 1040 fecimuS,
1531 973 1857 1043 presentes
1923 974 2135 1025 autem
2211 965 2435 1045 sigillis⁴
2474 966 2703 1043 nostris
2751 965 3131 1039 absentibuS,
3180 964 3382 1045 sigillo

815 1074 1100 1154 magistri
1145 1073 1398 1134 Martini
1447 1074 1610 1133 Ders-
1629 1119 1635 1126 .
1654 1073 1943 1134 vieebani
1992 1082 2053 1134 et
2100 1073 2342 1133 comitis
2389 1073 2585 1135 nostri
2626 1073 3089 1154 ZagrabiensiS,
3120 1073 3381 1138 fecimus

815 1182 1188 1264 consignari.
1282 1170 1514 1242 Datum
1583 1180 1915 1262 Zagrabie,
1964 1190 2191 1242 octauo
2240 1182 2339 1242 die
2386 1182 2634 1242 termini
2680 1181 3008 1260 prenotati,
3056 1198 3245 1241 anno·
3268 1180 3376 1239 do-

814 1290 964 1350 mini
1009 1290 1334 1351 millesimo
1380 1290 1822 1351 trecentesimo
1869 1289 2284 1370 nonagesimo
2332 1290 2563 1368 quint0.

1024 1429 1202 1499 Copia
1238 1430 1478 1499 simplex
1525 1429 1735 1485 saeculi
1788 1429 1926 1484 XVI.
1978 1428 2037 1484 in
2075 1430 2285 1488 charta.
2325 1430 2383 1483 ln
2423 1429 2656 1485 archivo
2698 1430 2848 1498 regni
2890 1429 3223 1499 Hungariae,
3264 1429 3371 1482 Bu-

809 1520 1118 1591 dapestjni:
1159 1521 1226 1575 M.
1267 1519 1330 1575 Ο.
1369 1521 1431 1576 D.
1471 1520 1526 1575 L.
1564 1519 1776 1589 afflet,
1815 1520 1952 1575 olim
1994 1518 2056 1575 N.
2094 1518 2158 1575 R.
2198 1521 2262 1575 A.
2302 1520 2435 1575 fasc.
2476 1518 2631 1574 1513.
2670 1519 2774 1575 No,
2816 1518 2901 1574 13.

1994 1801 2202 1877 140.

997 2007 1198 2103 ¹Anno
1255 2002 1439 2068 1395.
1489 2002 1591 2068 24.
1640 2004 1808 2066 maii.
1859 2094 1868 2105 δ
2168 1962 2173 1969 ³

801 2198 1206 2298 Capitulum
1255 2201 1574 2266 ecclesiae
1619 2199 2134 2285 Zagrabiensis,
2180 2198 2469 2265 Petrum
2500 2203 2565 2264 et
2598 2198 2973 2264 Nicolaum
3004 2198 3087 2264 de
3116 2196 3368 2275 Mlaka,

802 2308 881 2409 iu
923 2314 1191 2393 possess
1202 2307 1429 2373 ionem
1491 2306 1820 2385 Mtakam,
1877 2311 2009 2391 per
2054 2306 2507 2372 Benedictum
2552 2305 2635 2371 de
2688 2305 2883 2413 era
2932 2310 3366 2391 usurpatam,

1498 2415 1696 2482 iux-ta
1741 2413 2154 2479 mandatum
2178 2414 2381 2493 ‘bani,
2428 2415 2698 2479 statuit.

915 2620 920 2625 “
1018 2613 1422 2693 [CJapitulum
1471 2612 1734 2675 ecclesie
1782 2613 2230 2694 Zagrabiensis
2278 2612 2567 2673 omnibus
2616 2612 2849 2673 Christi
2897 2612 3185 2673 fidelibus
3233 2632 3371 2691 pre-

801 2700 1080 2782 sentibus
1141 2721 1375 2800 pariter
1437 2729 1500 2782 et
1560 2720 1783 2781 futuris
1848 2721 2246 2800 presencium
2272 2722 2277 2725 ’
2308 2721 2602 2781 noticiam
2650 2721 2952 2781 habituris
3000 2721 3264 2781 salutem
3312 2720 3372 2779 in

801 2830 1076 2889 omnium
1138 2830 1468 2889 saluatore.
1563 2829 1664 2888 Ad
1728 2828 2167 2917 vniuersorum
2231 2828 2525 2889 noticiam
2587 2830 2809 2889 harum
2874 2829 3035 2890 serie
3083 2829 3369 2889 volumus

799 2928 1146 3015 peruenire,
1208 2937 1378 3016 quod
1442 2955 1586 2996 cum
1641 2955 1757 2996 nos
1804 2936 1977 2996 iuxta
2026 2936 2449 2997 continencias
2497 2937 2841 2998 litterarum
2888 2936 3207 3017 magnifici
3256 2936 3368 2995 viri

801 3044 1033 3105 domini
1079 3044 1312 3104 Detrici
1376 3043 1614 3119 Bubek,
1659 3044 1842 3125 regni
1901 3044 2237 3105 Sclauonie
2282 3044 2447 3119 bani,
2497 3042 3088 3104 adiudicatoriarum
3133 3052 3196 3103 et
3242 3049 3366 3103 sta-

800 3152 1182 3227 tutor‘iarum,
1213 3148 1216 3151 ’
1247 3150 1639 3212 iudiciariam
1711 3169 2079 3229 processum
2153 3152 2349 3231 ipsius
2422 3152 2655 3213 domini
2718 3150 2965 3211 Detrici*
2996 3150 3146 3210 bani
3190 3149 3252 3209 in
3300 3170 3367 3209 se

800 3258 1275 3336 contine'ncium,
1340 3277 1454 3338 pro
1515 3259 1704 3319 Petro
1768 3269 1829 3319 et
1889 3260 2153 3319 Nicolao
2216 3258 2356 3319 filiis
2420 3258 2661 3319 Nicolai
2724 3260 2802 3319 de
2868 3258 3099 3333 Mlaka,
3149 3266 3365 3317 contra

799 3366 1145 3441 Nicolaum,
1193 3366 1582 3445 Stephanum
1613 3373 1675 3427 et
1706 3366 2070 3426 Ladislaum
2116 3366 2277 3426 filios
2322 3366 2665 3441 Benedicti,
2714 3384 2959 3427 necnon
2991 3365 3368 3447 Gregoriurn

803 3474 996 3533 filium
1063 3474 1413 3552 Mychaelis
1455 3475 1538 3534 de
1582 3472 1758 3534 Odra
1806 3479 2256 3548 emanatarum,
2304 3474 2608 3553 nobisque
2658 3474 3051 3549 directarum,
3098 3492 3367 3534 vnacum

796 3582 1107 3663 Gregorio
1139 3568 1409 3657 Hrelich,
1459 3582 1623 3641 dicto
1687 3582 1766 3642 de
1813 3580 2061 3660 Campo
2107 3578 2538 3663 Zagrabiensi‚
2588 3582 2839 3641 homine
2889 3581 3084 3660 ipsius
3132 3580 3366 3641 domini

795 3689 962 3764 bani,
1009 3689 1072 3749 in
1120 3676 1300 3748 dictis
1347 3688 1566 3748 litteris
1613 3689 2079 3750 adiudicatoriis
2128 3698 2189 3749 et
2221 3690 2562 3751 statutoriis
2597 3690 2757 3749 inter
2789 3690 2943 3749 alios
2979 3688 3363 3767 conscriptos

796 3815 1092 3876 expresse
1158 3795 1494 3871 nominato,
1556 3792 1839 3856 nostrum
1907 3798 2238 3872 hominem,
2286 3797 2575 3858 videlicet
2622 3797 2959 3857 discretum
3004 3797 3208 3856 virum
3255 3796 3363 3857 do·

791 3904 1028 3963 minum
1088 3901 1434 3984 Georgium
1497 3904 1810 3979 Brumeni,
1857 3904 2098 3965 socium
2146 3914 2207 3965 et
2254 3905 2746 3967 concanonicum
2792 3912 3091 3979 nostrum,
3140 3903 3222 3964 ad
3268 3903 3358 3963 in-

793 4004 1186 4087 frascriptam
1248 4010 1661 4072 statucionem
1722 4010 2093 4087 faciendam,
2141 4020 2355 4072 nostro
2424 4031 2538 4091 pro
2584 4011 2940 4073 testimonio
2986 4010 3363 4071 transmisis-

797 4136 1010 4179 semus
1073 4117 1477 4198 fidedignum,
1525 4120 1630 4198 qui
1692 4120 2093 4198 postmodum
2153 4121 2233 4180 ad
2280 4139 2397 4180 nos
2444 4120 2697 4195 reuersi,
2746 4120 2925 4179 nobis
2974 4118 3365 4179 concorditer

796 4228 1153 4300 retulerunt,
1201 4226 1370 4306 quod
1418 4226 1534 4304 ipsi
1581 4227 1680 4287 die
1729 4226 2041 4288 dominico
2089 4227 2371 4306 proximo
2420 4236 2565 4288 ante
2612 4226 2839 4287 festum
2886 4228 3353 4302 PenthecosteS,

791 4334 871 4395 ad
917 4334 1142 4415 faciem
1200 4332 1443 4412 ’prefate
1489 4336 1906 4413 possessionis
1975 4335 2191 4395 Mlaka
2238 4344 2612 4414 nuncupate,
2662 4335 2723 4394 in
2771 4334 3070 4395 comitatu
3116 4333 3354 4415 Zagra-

786 4437 985 4501 biensi
1023 4435 1242 4501 'habite
1291 4451 1354 4502 et
1372 4524 1380 4529 ‚.
1400 4442 1736 4519 existenti3‚
1788 4442 2007 4504 vicinis
2075 4452 2137 4503 et
2184 4442 2632 4504 commetaneis
2679 4440 2808 4501 suis
2856 4442 3165 4502 vniuersis
3210 4440 3361 4502 inibi

788 4548 1064 4629 legitime
1093 4550 1478 4633 ‘conuocatis
1523 4558 1588 4611 et
1634 4552 2029 4629 presentibus
2062 4552 2494 4625 accessissent,
2528 4552 2854 4630 ipsamque
2887 4550 3355 4629 possessionem

793 4656 1010 4717 Mlaka
1049 4646 1276 4717 “iuxta’'
1338 4658 1532 4719 series
1600 4668 1678 4718 et·
1708 4659 2133 4720 continencias
2198 4659 2541 4720 litterarum
2588 4658 3008 4737 predictarum
3055 4658 3204 4719 dicti
3250 4656 3360 4719 do-

789 4765 936 4825 mini
997 4764 1254 4844 Detricy
1309 4764 1474 4853 bani,
1538 4766 2039 4829 contradiccione
2102 4768 2679 4848 prenominatorum
2740 4767 2999 4843 Nicolai,
3046 4766 3353 4847 Stephani

787 4880 850 4933 et
893 4871 1165 4933 Ladi‘slai
1211 4868 1478 4935 filiorum
1525 4875 1863 4950 Benedicti,
1897 4894 2141 4937 necnon
2189 4874 2482 4956 Gregorii
2526 4874 2633 4935 filii
2681 4874 3009 4935 Michaelis
3057 4876 3136 4935 de
3170 4872 3351 4935 Odra

783 4980 1071 5057 predicta
1107 4982 1231 5041 no'n
1279 4973 1583 5059 obstante,
1631 4968 1887 5061 prefatis
1939 4985 2123 5044 Petro
2164 4994 2233 5045 ⁴et
2280 4984 2539 5045 Nicolao
2588 4984 2725 5043 filiis
2774 4982 3016 5044 Nicolai
3063 4983 3143 5044 de
3176 4982 3344 5043 dicta
