<?xml version="1.0" encoding="UTF-8"?>
<!DOCTYPE html PUBLIC "-//W3C//DTD XHTML 1.0 Transitional//EN"
    "http://www.w3.org/TR/xhtml1/DTD/xhtml1-transitional.dtd">
<html xmlns="http://www.w3.org/1999/xhtml" xml:lang="en" lang="en">
 <head>
  <title>
</title>
<meta http-equiv="Content-Type" content="text/html;charset=utf-8" />
  <meta name='ocr-system' content='tesseract 3.04.00' />
  <meta name='ocr-capabilities' content='ocr_page ocr_carea ocr_par ocr_line ocrx_word'/>
</head>
<body>
  <div class='ocr_page' id='page_1' title='image "./povjesnispomeni01laszgoog_0437.png"; bbox 0 0 3917 5592; ppageno 0'>
   <div class='ocr_carea' id='block_1_1' title="bbox 3036 451 3165 513">
    <p class='ocr_par' dir='ltr' id='par_1_1' title="bbox 3036 451 3165 513">
     <span class='ocr_line' id='line_1_1' title="bbox 3036 451 3165 513; baseline 0 -1"><span class='ocrx_word' id='word_1_1' title='bbox 3036 451 3165 513; x_wconf 87' lang='grc'>387</span> 
     </span>
    </p>
   </div>
   <div class='ocr_carea' id='block_1_2' title="bbox 605 659 3175 1000">
    <p class='ocr_par' dir='ltr' id='par_1_2' title="bbox 605 659 3175 1000">
     <span class='ocr_line' id='line_1_2' title="bbox 823 659 3175 732; baseline 0 -17"><span class='ocrx_word' id='word_1_2' title='bbox 823 659 1106 730; x_wconf 81' lang='lat' dir='ltr'>originale</span> <span class='ocrx_word' id='word_1_3' title='bbox 1147 662 1592 728; x_wconf 82' lang='lat' dir='ltr'>membraneum,</span> <span class='ocrx_word' id='word_1_4' title='bbox 1633 661 1780 715; x_wconf 85' lang='lat' dir='ltr'>duae</span> <span class='ocrx_word' id='word_1_5' title='bbox 1817 662 2003 716; x_wconf 84' lang='lat' dir='ltr'>flavae</span> <span class='ocrx_word' id='word_1_6' title='bbox 2042 661 2289 716; x_wconf 81' lang='lat' dir='ltr'>sericeae</span> <span class='ocrx_word' id='word_1_7' title='bbox 2329 678 2507 716; x_wconf 87' lang='lat' dir='ltr'>zonae</span> <span class='ocrx_word' id='word_1_8' title='bbox 2546 662 2883 732; x_wconf 89' lang='lat' dir='ltr'>appendent,</span> <span class='ocrx_word' id='word_1_9' title='bbox 2925 679 2960 716; x_wconf 89' lang='lat' dir='ltr'>a</span> <span class='ocrx_word' id='word_1_10' title='bbox 2987 663 3175 731; x_wconf 83' lang='lat' dir='ltr'>prima</span> 
     </span>
     <span class='ocr_line' id='line_1_3' title="bbox 608 750 3172 822; baseline 0 -16"><span class='ocrx_word' id='word_1_11' title='bbox 608 753 814 822; x_wconf 78' lang='lat' dir='ltr'>pendet</span> <span class='ocrx_word' id='word_1_12' title='bbox 840 751 1083 820; x_wconf 85' lang='lat' dir='ltr'>sigillum</span> <span class='ocrx_word' id='word_1_13' title='bbox 1123 750 1394 820; x_wconf 86' lang='lat' dir='ltr'>attritum,</span> <span class='ocrx_word' id='word_1_14' title='bbox 1433 751 1492 804; x_wconf 93' lang='lat' dir='ltr'>in</span> <span class='ocrx_word' id='word_1_15' title='bbox 1531 751 1690 806; x_wconf 89' lang='lat' dir='ltr'>cuius</span> <span class='ocrx_word' id='word_1_16' title='bbox 1728 751 2097 820; x_wconf 87' lang='lat' dir='ltr'>appressione</span> <span class='ocrx_word' id='word_1_17' title='bbox 2142 753 2327 807; x_wconf 90' lang='lat' dir='ltr'>solum</span> <span class='ocrx_word' id='word_1_18' title='bbox 2373 769 2545 822; x_wconf 89' lang='lat' dir='ltr'>supra</span> <span class='ocrx_word' id='word_1_19' title='bbox 2588 754 2807 822; x_wconf 84' lang='lat' dir='ltr'>galeam</span> <span class='ocrx_word' id='word_1_20' title='bbox 2846 753 3172 807; x_wconf 87' lang='lat' dir='ltr'>incumben-</span> 
     </span>
     <span class='ocr_line' id='line_1_4' title="bbox 608 839 3173 913; baseline 0.001 -18"><span class='ocrx_word' id='word_1_21' title='bbox 608 845 720 895; x_wconf 86' lang='lat' dir='ltr'>tem</span> <span class='ocrx_word' id='word_1_22' title='bbox 771 841 972 896; x_wconf 82' lang='lat' dir='ltr'>scuto?</span> <span class='ocrx_word' id='word_1_23' title='bbox 1031 839 1306 910; x_wconf 81' lang='lat' dir='ltr'>quaedam</span> <span class='ocrx_word' id='word_1_24' title='bbox 1371 841 1496 894; x_wconf 86' lang='lat' dir='ltr'>avis</span> <span class='ocrx_word' id='word_1_25' title='bbox 1552 839 1820 910; x_wconf 83' lang='lat' dir='ltr'>(anser?),</span> <span class='ocrx_word' id='word_1_26' title='bbox 1866 843 2016 894; x_wconf 81' lang='lat' dir='ltr'>stare</span> <span class='ocrx_word' id='word_1_27' title='bbox 2059 841 2276 895; x_wconf 85' lang='lat' dir='ltr'>visitur.</span> <span class='ocrx_word' id='word_1_28' title='bbox 2318 841 2614 912; x_wconf 85' lang='lat' dir='ltr'>Inscriptio</span> <span class='ocrx_word' id='word_1_29' title='bbox 2659 842 2766 912; x_wconf 82' lang='lat' dir='ltr'>legi</span> <span class='ocrx_word' id='word_1_30' title='bbox 2810 859 2927 897; x_wconf 92' lang='lat' dir='ltr'>non</span> <span class='ocrx_word' id='word_1_31' title='bbox 2970 847 3173 913; x_wconf 87' lang='lat' dir='ltr'>potest.</span> 
     </span>
     <span class='ocr_line' id='line_1_5' title="bbox 605 929 2443 1000; baseline 0 -15"><span class='ocrx_word' id='word_1_32' title='bbox 605 931 770 1000; x_wconf 86' lang='lat' dir='ltr'><strong>Apud</strong></span> <span class='ocrx_word' id='word_1_33' title='bbox 809 931 1058 985; x_wconf 90' lang='lat' dir='ltr'>nobilem</span> <span class='ocrx_word' id='word_1_34' title='bbox 1103 930 1353 984; x_wconf 86' lang='lat' dir='ltr'>Marcum</span> <span class='ocrx_word' id='word_1_35' title='bbox 1390 931 1647 984; x_wconf 84' lang='lat' dir='ltr'>Arbanas</span> <span class='ocrx_word' id='word_1_36' title='bbox 1684 929 1746 983; x_wconf 91' lang='lat' dir='ltr'>in</span> <span class='ocrx_word' id='word_1_37' title='bbox 1782 930 1884 985; x_wconf 77' lang='lat' dir='ltr'>Inf.</span> <span class='ocrx_word' id='word_1_38' title='bbox 1923 930 2196 985; x_wconf 84' lang='lat' dir='ltr'>Lomnica</span> <span class='ocrx_word' id='word_1_39' title='bbox 2233 930 2319 986; x_wconf 87' lang='lat' dir='ltr'>No</span> <span class='ocrx_word' id='word_1_40' title='bbox 2358 930 2443 986; x_wconf 83' lang='lat'>29.</span> 
     </span>
    </p>
   </div>
   <div class='ocr_carea' id='block_1_3' title="bbox 826 1090 2291 1166">
    <p class='ocr_par' dir='ltr' id='par_1_3' title="bbox 826 1090 2291 1166">
     <span class='ocr_line' id='line_1_6' title="bbox 826 1090 2291 1166; baseline 0 -16"><span class='ocrx_word' id='word_1_41' title='bbox 826 1094 840 1124; x_wconf 87' lang='lat'>¹</span> <span class='ocrx_word' id='word_1_42' title='bbox 877 1093 960 1150; x_wconf 83' lang='lat' dir='ltr'>sic</span> <span class='ocrx_word' id='word_1_43' title='bbox 997 1091 1332 1165; x_wconf 85' lang='lat' dir='ltr'>(predictum</span> <span class='ocrx_word' id='word_1_44' title='bbox 1369 1091 1618 1166; x_wconf 83' lang='lat' dir='ltr'>Lucam).</span> <span class='ocrx_word' id='word_1_45' title='bbox 1697 1090 1720 1122; x_wconf 78' lang='lat'>²</span> <span class='ocrx_word' id='word_1_46' title='bbox 1755 1092 1838 1150; x_wconf 85' lang='lat' dir='ltr'>sic</span> <span class='ocrx_word' id='word_1_47' title='bbox 1875 1092 2061 1166; x_wconf 77' lang='lat' dir='ltr'>(eius).</span> <span class='ocrx_word' id='word_1_48' title='bbox 2138 1093 2159 1123; x_wconf 82' lang='lat'>⁸</span> <span class='ocrx_word' id='word_1_49' title='bbox 2194 1093 2291 1151; x_wconf 76' lang='lat' dir='ltr'>sic.</span> 
     </span>
    </p>
   </div>
   <div class='ocr_carea' id='block_1_4' title="bbox 823 1579 2235 1663">
    <p class='ocr_par' dir='ltr' id='par_1_4' title="bbox 823 1579 2235 1663">
     <span class='ocr_line' id='line_1_7' title="bbox 823 1579 2235 1663; baseline 0.001 -22"><span class='ocrx_word' id='word_1_50' title='bbox 823 1582 1008 1642; x_wconf 90' lang='lat' dir='ltr'>Anno</span> <span class='ocrx_word' id='word_1_51' title='bbox 1065 1579 1250 1643; x_wconf 88' lang='lat'>1458.</span> <span class='ocrx_word' id='word_1_52' title='bbox 1308 1579 1402 1642; x_wconf 85' lang='lat'>18.</span> <span class='ocrx_word' id='word_1_53' title='bbox 1451 1580 1815 1643; x_wconf 67' lang='lat' dir='ltr'>decembris</span> <span class='ocrx_word' id='word_1_54' title='bbox 1863 1581 2235 1663; x_wconf 88' lang='lat' dir='ltr'>Zagrabiae.</span> 
     </span>
    </p>
   </div>
   <div class='ocr_carea' id='block_1_5' title="bbox 599 1738 3169 2042">
    <p class='ocr_par' dir='ltr' id='par_1_5' title="bbox 599 1738 3169 2042">
     <span class='ocr_line' id='line_1_8' title="bbox 606 1738 3169 1827; baseline 0.001 -24"><span class='ocrx_word' id='word_1_55' title='bbox 606 1738 948 1804; x_wconf 82' lang='lat' dir='ltr'>Iohannes</span> <span class='ocrx_word' id='word_1_56' title='bbox 993 1738 1298 1825; x_wconf 77' lang='lat' dir='ltr'>Iagnych</span> <span class='ocrx_word' id='word_1_57' title='bbox 1345 1740 1427 1805; x_wconf 81' lang='lat' dir='ltr'>de</span> <span class='ocrx_word' id='word_1_58' title='bbox 1473 1739 1636 1825; x_wconf 81' lang='lat' dir='ltr'>Sup.</span> <span class='ocrx_word' id='word_1_59' title='bbox 1684 1741 2077 1820; x_wconf 78' lang='lat' dir='ltr'>Lukauecz,</span> <span class='ocrx_word' id='word_1_60' title='bbox 2122 1761 2345 1807; x_wconf 82' lang='lat' dir='ltr'>comes</span> <span class='ocrx_word' id='word_1_61' title='bbox 2392 1746 2556 1808; x_wconf 77' lang='lat' dir='ltr'>terr.</span> <span class='ocrx_word' id='word_1_62' title='bbox 2609 1741 2857 1827; x_wconf 80' lang='lat' dir='ltr'>Campi</span> <span class='ocrx_word' id='word_1_63' title='bbox 2911 1743 3169 1827; x_wconf 77' lang='lat' dir='ltr'>Zagru-</span> 
     </span>
     <span class='ocr_line' id='line_1_9' title="bbox 603 1847 3167 1933; baseline 0.002 -23"><span class='ocrx_word' id='word_1_64' title='bbox 603 1847 883 1926; x_wconf 78' lang='lat' dir='ltr'>biensiS,</span> <span class='ocrx_word' id='word_1_65' title='bbox 928 1847 1382 1912; x_wconf 77' lang='lat' dir='ltr'>statutionem</span> <span class='ocrx_word' id='word_1_66' title='bbox 1444 1847 1778 1933; x_wconf 82' lang='lat' dir='ltr'>Sztoyam&#39;</span> <span class='ocrx_word' id='word_1_67' title='bbox 1825 1847 1980 1933; x_wconf 85' lang='lat' dir='ltr'>filii</span> <span class='ocrx_word' id='word_1_68' title='bbox 2056 1848 2355 1914; x_wconf 79' lang='lat' dir='ltr'>Thomae</span> <span class='ocrx_word' id='word_1_69' title='bbox 2401 1849 2483 1914; x_wconf 79' lang='lat' dir='ltr'>de</span> <span class='ocrx_word' id='word_1_70' title='bbox 2538 1849 3021 1927; x_wconf 79' lang='lat' dir='ltr'>Gusztinicza‚</span> <span class='ocrx_word' id='word_1_71' title='bbox 3088 1850 3167 1914; x_wconf 85' lang='lat' dir='ltr'>in</span> 
     </span>
     <span class='ocr_line' id='line_1_10' title="bbox 599 1955 3167 2042; baseline 0.002 -24"><span class='ocrx_word' id='word_1_72' title='bbox 599 1955 1070 2039; x_wconf 80' lang='lat' dir='ltr'>possessiones</span> <span class='ocrx_word' id='word_1_73' title='bbox 1133 1955 1214 2020; x_wconf 83' lang='lat' dir='ltr'>in</span> <span class='ocrx_word' id='word_1_74' title='bbox 1272 1955 1692 2021; x_wconf 84' lang='lat' dir='ltr'>Rakitouecz</span> <span class='ocrx_word' id='word_1_75' title='bbox 1751 1956 1964 2021; x_wconf 78' lang='lat' dir='ltr'>aliter</span> <span class='ocrx_word' id='word_1_76' title='bbox 2020 1955 2572 2042; x_wconf 74' lang='lat' dir='ltr'>Stephankouczi</span> <span class='ocrx_word' id='word_1_77' title='bbox 2616 1957 2998 2035; x_wconf 62' lang='lat' dir='ltr'>existentes,</span> <span class='ocrx_word' id='word_1_78' title='bbox 3048 1977 3167 2022; x_wconf 83' lang='lat' dir='ltr'>no-</span> 
     </span>
    </p>
   </div>
   <div class='ocr_carea' id='block_1_6' title="bbox 1738 2061 2032 2147">
    <p class='ocr_par' dir='ltr' id='par_1_6' title="bbox 1738 2061 2032 2147">
     <span class='ocr_line' id='line_1_11' title="bbox 1738 2061 2032 2147; baseline 0 -19"><span class='ocrx_word' id='word_1_79' title='bbox 1738 2061 2032 2147; x_wconf 82' lang='lat' dir='ltr'>tificant.</span> 
     </span>
    </p>
   </div>
   <div class='ocr_carea' id='block_1_7' title="bbox 602 2227 3207 4682">
    <p class='ocr_par' dir='ltr' id='par_1_7' title="bbox 602 2227 3207 4682">
     <span class='ocr_line' id='line_1_12' title="bbox 823 2227 3168 2310; baseline 0 -23"><span class='ocrx_word' id='word_1_80' title='bbox 823 2228 957 2288; x_wconf 93' lang='lat' dir='ltr'>Nos</span> <span class='ocrx_word' id='word_1_81' title='bbox 1017 2227 1284 2289; x_wconf 89' lang='lat' dir='ltr'>Ioannes</span> <span class='ocrx_word' id='word_1_82' title='bbox 1346 2229 1508 2289; x_wconf 90' lang='lat' dir='ltr'>filius</span> <span class='ocrx_word' id='word_1_83' title='bbox 1557 2229 1824 2290; x_wconf 90' lang='lat' dir='ltr'>condam</span> <span class='ocrx_word' id='word_1_84' title='bbox 1886 2229 2211 2290; x_wconf 87' lang='lat' dir='ltr'>Benedicti</span> <span class='ocrx_word' id='word_1_85' title='bbox 2255 2229 2515 2310; x_wconf 87' lang='lat' dir='ltr'>Iagnich</span> <span class='ocrx_word' id='word_1_86' title='bbox 2564 2229 2642 2290; x_wconf 92' lang='lat' dir='ltr'>de</span> <span class='ocrx_word' id='word_1_87' title='bbox 2684 2227 3001 2307; x_wconf 84' lang='lat' dir='ltr'>Superiori</span> <span class='ocrx_word' id='word_1_88' title='bbox 3046 2230 3168 2288; x_wconf 91' lang='lat' dir='ltr'>Lu-</span> 
     </span>
     <span class='ocr_line' id='line_1_13' title="bbox 611 2334 3169 2416; baseline 0 -21"><span class='ocrx_word' id='word_1_89' title='bbox 611 2335 848 2395; x_wconf 89' lang='lat' dir='ltr'>kauecz</span> <span class='ocrx_word' id='word_1_90' title='bbox 897 2343 960 2396; x_wconf 93' lang='lat' dir='ltr'>et</span> <span class='ocrx_word' id='word_1_91' title='bbox 1005 2355 1217 2396; x_wconf 89' lang='lat' dir='ltr'>comes</span> <span class='ocrx_word' id='word_1_92' title='bbox 1265 2337 1574 2396; x_wconf 88' lang='lat' dir='ltr'>terrestris</span> <span class='ocrx_word' id='word_1_93' title='bbox 1622 2337 1848 2415; x_wconf 86' lang='lat' dir='ltr'>Campi</span> <span class='ocrx_word' id='word_1_94' title='bbox 1893 2334 2342 2416; x_wconf 84' lang='lat' dir='ltr'>Zagrabiensis</span> <span class='ocrx_word' id='word_1_95' title='bbox 2390 2345 2525 2410; x_wconf 69' lang='lat' dir='ltr'>etc„</span> <span class='ocrx_word' id='word_1_96' title='bbox 2571 2337 2740 2416; x_wconf 91' lang='lat' dir='ltr'>quod</span> <span class='ocrx_word' id='word_1_97' title='bbox 2786 2336 2967 2396; x_wconf 90' lang='lat' dir='ltr'>nobis</span> <span class='ocrx_word' id='word_1_98' title='bbox 3012 2335 3169 2396; x_wconf 88' lang='lat' dir='ltr'>feria</span> 
     </span>
     <span class='ocr_line' id='line_1_14' title="bbox 609 2442 3165 2522; baseline 0 -20"><span class='ocrx_word' id='word_1_99' title='bbox 609 2443 889 2504; x_wconf 90' lang='lat' dir='ltr'>secunda</span> <span class='ocrx_word' id='word_1_100' title='bbox 934 2443 1215 2522; x_wconf 86' lang='lat' dir='ltr'>proxima</span> <span class='ocrx_word' id='word_1_101' title='bbox 1267 2452 1410 2504; x_wconf 89' lang='lat' dir='ltr'>ante</span> <span class='ocrx_word' id='word_1_102' title='bbox 1457 2442 1685 2504; x_wconf 89' lang='lat' dir='ltr'>festum</span> <span class='ocrx_word' id='word_1_103' title='bbox 1732 2443 1900 2504; x_wconf 89' lang='lat' dir='ltr'>beati</span> <span class='ocrx_word' id='word_1_104' title='bbox 1941 2444 2183 2504; x_wconf 89' lang='lat' dir='ltr'>Nicolai</span> <span class='ocrx_word' id='word_1_105' title='bbox 2230 2443 2625 2518; x_wconf 79' lang='lat' dir='ltr'>confessoriS,</span> <span class='ocrx_word' id='word_1_106' title='bbox 2673 2463 2837 2503; x_wconf 91' lang='lat' dir='ltr'>nunc</span> <span class='ocrx_word' id='word_1_107' title='bbox 2884 2444 3165 2522; x_wconf 87' lang='lat' dir='ltr'>proxime</span> 
     </span>
     <span class='ocr_line' id='line_1_15' title="bbox 603 2551 3165 2632; baseline 0.001 -22"><span class='ocrx_word' id='word_1_108' title='bbox 603 2551 986 2629; x_wconf 88' lang='lat' dir='ltr'>preteritum,</span> <span class='ocrx_word' id='word_1_109' title='bbox 1035 2552 1099 2610; x_wconf 92' lang='lat' dir='ltr'>in</span> <span class='ocrx_word' id='word_1_110' title='bbox 1145 2553 1296 2611; x_wconf 91' lang='lat' dir='ltr'>sede</span> <span class='ocrx_word' id='word_1_111' title='bbox 1344 2559 1560 2612; x_wconf 86' lang='lat' dir='ltr'>nostra</span> <span class='ocrx_word' id='word_1_112' title='bbox 1603 2552 1928 2612; x_wconf 86' lang='lat' dir='ltr'>iudiciaria</span> <span class='ocrx_word' id='word_1_113' title='bbox 1975 2552 2157 2612; x_wconf 88' lang='lat' dir='ltr'>solita</span> <span class='ocrx_word' id='word_1_114' title='bbox 2203 2551 2633 2632; x_wconf 86' lang='lat' dir='ltr'>Zagrabiensi,</span> <span class='ocrx_word' id='word_1_115' title='bbox 2681 2552 2745 2611; x_wconf 91' lang='lat' dir='ltr'>in</span> <span class='ocrx_word' id='word_1_116' title='bbox 2789 2551 3019 2612; x_wconf 89' lang='lat' dir='ltr'>iudicio</span> <span class='ocrx_word' id='word_1_117' title='bbox 3051 2571 3165 2630; x_wconf 90' lang='lat' dir='ltr'>pro</span> 
     </span>
     <span class='ocr_line' id='line_1_16' title="bbox 606 2659 3171 2741; baseline 0.001 -23"><span class='ocrx_word' id='word_1_118' title='bbox 606 2659 899 2719; x_wconf 89' lang='lat' dir='ltr'>tribunali</span> <span class='ocrx_word' id='word_1_119' title='bbox 947 2660 1310 2721; x_wconf 88' lang='lat' dir='ltr'>sedentibus</span> <span class='ocrx_word' id='word_1_120' title='bbox 1359 2679 1710 2741; x_wconf 87' lang='lat' dir='ltr'>causasque</span> <span class='ocrx_word' id='word_1_121' title='bbox 1744 2669 2114 2722; x_wconf 88' lang='lat' dir='ltr'>cunctorum</span> <span class='ocrx_word' id='word_1_122' title='bbox 2147 2669 2260 2722; x_wconf 89' lang='lat' dir='ltr'>etc.</span> <span class='ocrx_word' id='word_1_123' title='bbox 2293 2662 2794 2736; x_wconf 88' lang='lat' dir='ltr'>discucientibus,</span> <span class='ocrx_word' id='word_1_124' title='bbox 2840 2659 3171 2721; x_wconf 85' lang='lat' dir='ltr'>Sztoianus</span> 
     </span>
     <span class='ocr_line' id='line_1_17' title="bbox 604 2767 3167 2848; baseline 0.001 -22"><span class='ocrx_word' id='word_1_125' title='bbox 604 2767 766 2826; x_wconf 80' lang='lat' dir='ltr'>filius</span> <span class='ocrx_word' id='word_1_126' title='bbox 829 2767 1073 2828; x_wconf 87' lang='lat' dir='ltr'>Thome</span> <span class='ocrx_word' id='word_1_127' title='bbox 1119 2768 1199 2828; x_wconf 92' lang='lat' dir='ltr'>de</span> <span class='ocrx_word' id='word_1_128' title='bbox 1247 2767 1647 2829; x_wconf 89' lang='lat' dir='ltr'>Gusztinicza</span> <span class='ocrx_word' id='word_1_129' title='bbox 1711 2769 1774 2829; x_wconf 90' lang='lat' dir='ltr'>in</span> <span class='ocrx_word' id='word_1_130' title='bbox 1835 2788 1952 2830; x_wconf 90' lang='lat' dir='ltr'>sua</span> <span class='ocrx_word' id='word_1_131' title='bbox 2014 2777 2077 2830; x_wconf 90' lang='lat' dir='ltr'>et</span> <span class='ocrx_word' id='word_1_132' title='bbox 2122 2770 2187 2828; x_wconf 91' lang='lat' dir='ltr'>in</span> <span class='ocrx_word' id='word_1_133' title='bbox 2231 2769 2519 2848; x_wconf 89' lang='lat' dir='ltr'>personis</span> <span class='ocrx_word' id='word_1_134' title='bbox 2582 2769 2842 2829; x_wconf 88' lang='lat' dir='ltr'>fratrum</span> <span class='ocrx_word' id='word_1_135' title='bbox 2912 2788 3167 2829; x_wconf 89' lang='lat' dir='ltr'>suorum</span> 
     </span>
     <span class='ocr_line' id='line_1_18' title="bbox 607 2872 3167 2957; baseline 0 -22"><span class='ocrx_word' id='word_1_136' title='bbox 607 2875 1305 2956; x_wconf 88' lang='lat' dir='ltr'>congeneracionalium</span> <span class='ocrx_word' id='word_1_137' title='bbox 1337 2877 1774 2957; x_wconf 87' lang='lat' dir='ltr'>generacionis</span> <span class='ocrx_word' id='word_1_138' title='bbox 1809 2878 2075 2938; x_wconf 89' lang='lat' dir='ltr'>condam</span> <span class='ocrx_word' id='word_1_139' title='bbox 2105 2879 2359 2953; x_wconf 88' lang='lat' dir='ltr'>Ukmer‚</span> <span class='ocrx_word' id='word_1_140' title='bbox 2393 2879 2471 2939; x_wconf 92' lang='lat' dir='ltr'>de</span> <span class='ocrx_word' id='word_1_141' title='bbox 2505 2877 2712 2937; x_wconf 88' lang='lat' dir='ltr'>medio</span> <span class='ocrx_word' id='word_1_142' title='bbox 2744 2872 3019 2955; x_wconf 89' lang='lat' dir='ltr'>ipsorum</span> <span class='ocrx_word' id='word_1_143' title='bbox 3054 2884 3167 2936; x_wconf 89' lang='lat' dir='ltr'>etc.</span> 
     </span>
     <span class='ocr_line' id='line_1_19' title="bbox 603 2983 3167 3064; baseline 0 -22"><span class='ocrx_word' id='word_1_144' title='bbox 603 2983 960 3064; x_wconf 85' lang='lat' dir='ltr'>significare</span> <span class='ocrx_word' id='word_1_145' title='bbox 1011 2985 1268 3059; x_wconf 89' lang='lat' dir='ltr'>curavit,</span> <span class='ocrx_word' id='word_1_146' title='bbox 1317 2993 1385 3044; x_wconf 91' lang='lat' dir='ltr'>ut</span> <span class='ocrx_word' id='word_1_147' title='bbox 1430 2985 1565 3063; x_wconf 92' lang='lat' dir='ltr'>ipse</span> <span class='ocrx_word' id='word_1_148' title='bbox 1615 2985 1676 3045; x_wconf 89' lang='lat' dir='ltr'>in</span> <span class='ocrx_word' id='word_1_149' title='bbox 1724 2985 2067 3045; x_wconf 90' lang='lat' dir='ltr'>dominium</span> <span class='ocrx_word' id='word_1_150' title='bbox 2112 2985 2397 3052; x_wconf 84' lang='lat' dir='ltr'>totalium</span> <span class='ocrx_word' id='word_1_151' title='bbox 2429 2985 2900 3064; x_wconf 89' lang='lat' dir='ltr'>possessionum</span> <span class='ocrx_word' id='word_1_152' title='bbox 2933 2991 2996 3044; x_wconf 90' lang='lat' dir='ltr'>et</span> <span class='ocrx_word' id='word_1_153' title='bbox 3024 3002 3167 3063; x_wconf 91' lang='lat' dir='ltr'>por·</span> 
     </span>
     <span class='ocr_line' id='line_1_20' title="bbox 605 3089 3207 3170; baseline -0.001 -18"><span class='ocrx_word' id='word_1_154' title='bbox 605 3091 855 3152; x_wconf 91' lang='lat' dir='ltr'>cionum</span> <span class='ocrx_word' id='word_1_155' title='bbox 921 3093 1556 3170; x_wconf 88' lang='lat' dir='ltr'>possessionariarum</span> <span class='ocrx_word' id='word_1_156' title='bbox 1622 3093 1921 3153; x_wconf 89' lang='lat' dir='ltr'>nobilium</span> <span class='ocrx_word' id='word_1_157' title='bbox 1985 3101 2048 3153; x_wconf 91' lang='lat' dir='ltr'>et</span> <span class='ocrx_word' id='word_1_158' title='bbox 2104 3092 2623 3152; x_wconf 84' lang='lat' dir='ltr'>hereditariamm</span> <span class='ocrx_word' id='word_1_159' title='bbox 2678 3093 2742 3151; x_wconf 90' lang='lat' dir='ltr'>in</span> <span class='ocrx_word' id='word_1_160' title='bbox 2788 3091 2935 3151; x_wconf 87' lang='lat' dir='ltr'>villa</span> <span class='ocrx_word' id='word_1_161' title='bbox 2988 3089 3207 3150; x_wconf 84' lang='lat' dir='ltr'>Raki-·</span> 
     </span>
     <span class='ocr_line' id='line_1_21' title="bbox 607 3199 3171 3278; baseline -0 -20"><span class='ocrx_word' id='word_1_162' title='bbox 607 3208 829 3259; x_wconf 89' lang='lat' dir='ltr'>touecz</span> <span class='ocrx_word' id='word_1_163' title='bbox 879 3200 998 3260; x_wconf 90' lang='lat' dir='ltr'>alio</span> <span class='ocrx_word' id='word_1_164' title='bbox 1047 3201 1296 3260; x_wconf 91' lang='lat' dir='ltr'>nomine</span> <span class='ocrx_word' id='word_1_165' title='bbox 1344 3199 1852 3278; x_wconf 85' lang='lat' dir='ltr'>Stephankouczi</span> <span class='ocrx_word' id='word_1_166' title='bbox 1918 3208 1980 3260; x_wconf 87' lang='lat' dir='ltr'>et</span> <span class='ocrx_word' id='word_1_167' title='bbox 2027 3200 2161 3261; x_wconf 89' lang='lat' dir='ltr'>eius</span> <span class='ocrx_word' id='word_1_168' title='bbox 2208 3199 2517 3260; x_wconf 86' lang='lat' dir='ltr'>territorio</span> <span class='ocrx_word' id='word_1_169' title='bbox 2583 3199 2990 3260; x_wconf 87' lang='lat' dir='ltr'>existencium</span> <span class='ocrx_word' id='word_1_170' title='bbox 3040 3206 3171 3271; x_wconf 89' lang='lat' dir='ltr'>etc.‚</span> 
     </span>
     <span class='ocr_line' id='line_1_22' title="bbox 606 3306 3177 3387; baseline -0.001 -20"><span class='ocrx_word' id='word_1_171' title='bbox 606 3306 882 3387; x_wconf 87' lang='lat' dir='ltr'>legitime</span> <span class='ocrx_word' id='word_1_172' title='bbox 945 3307 1134 3367; x_wconf 89' lang='lat' dir='ltr'>vellet</span> <span class='ocrx_word' id='word_1_173' title='bbox 1191 3307 1444 3367; x_wconf 89' lang='lat' dir='ltr'>introire</span> <span class='ocrx_word' id='word_1_174' title='bbox 1507 3317 1621 3368; x_wconf 91' lang='lat' dir='ltr'>etc.</span> <span class='ocrx_word' id='word_1_175' title='bbox 1687 3310 1939 3383; x_wconf 80' lang='lat' dir='ltr'>(facta</span> <span class='ocrx_word' id='word_1_176' title='bbox 1990 3317 2117 3368; x_wconf 91' lang='lat' dir='ltr'>est</span> <span class='ocrx_word' id='word_1_177' title='bbox 2162 3307 2568 3368; x_wconf 81' lang='lat' dir='ltr'>exmissio</span> <span class='ocrx_word' id='word_1_178' title='bbox 2617 3315 2695 3366; x_wconf 85' lang='lat' dir='ltr'>et</span> <span class='ocrx_word' id='word_1_179' title='bbox 2750 3325 3005 3385; x_wconf 91' lang='lat' dir='ltr'>penes</span> <span class='ocrx_word' id='word_1_180' title='bbox 3054 3325 3177 3365; x_wconf 85' lang='lat' dir='ltr'>ex-</span> 
     </span>
     <span class='ocr_line' id='line_1_23' title="bbox 605 3393 3181 3491; baseline -0.001 -18"><span class='ocrx_word' id='word_1_181' title='bbox 605 3414 861 3474; x_wconf 89' lang='lat' dir='ltr'>misso</span> <span class='ocrx_word' id='word_1_182' title='bbox 888 3433 1061 3474; x_wconf 89' lang='lat' dir='ltr'>rum</span> <span class='ocrx_word' id='word_1_183' title='bbox 1103 3393 1615 3475; x_wconf 81' lang='lat' dir='ltr'>relacionem</span> <span class='ocrx_word' id='word_1_184' title='bbox 1663 3417 2112 3476; x_wconf 87' lang='lat' dir='ltr'>denotatae</span> <span class='ocrx_word' id='word_1_185' title='bbox 2159 3419 2453 3491; x_wconf 86' lang='lat' dir='ltr'>metae)</span> <span class='ocrx_word' id='word_1_186' title='bbox 2506 3421 2909 3475; x_wconf 90' lang='lat' dir='ltr'>accesserunt</span> <span class='ocrx_word' id='word_1_187' title='bbox 2954 3421 3069 3473; x_wconf 89' lang='lat' dir='ltr'>etc.</span> <span class='ocrx_word' id='word_1_188' title='bbox 3118 3420 3181 3472; x_wconf 91' lang='lat' dir='ltr'>et</span> 
     </span>
     <span class='ocr_line' id='line_1_24' title="bbox 603 3517 3174 3600; baseline -0.001 -19"><span class='ocrx_word' id='word_1_189' title='bbox 603 3522 946 3600; x_wconf 88' lang='lat' dir='ltr'>predictam</span> <span class='ocrx_word' id='word_1_190' title='bbox 979 3522 1444 3600; x_wconf 89' lang='lat' dir='ltr'>possessionem</span> <span class='ocrx_word' id='word_1_191' title='bbox 1471 3529 1531 3582; x_wconf 92' lang='lat' dir='ltr'>et</span> <span class='ocrx_word' id='word_1_192' title='bbox 1557 3523 1918 3600; x_wconf 87' lang='lat' dir='ltr'>porcionem</span> <span class='ocrx_word' id='word_1_193' title='bbox 1946 3523 2509 3600; x_wconf 89' lang='lat' dir='ltr'>possessionariam</span> <span class='ocrx_word' id='word_1_194' title='bbox 2543 3522 2622 3582; x_wconf 91' lang='lat' dir='ltr'>ab</span> <span class='ocrx_word' id='word_1_195' title='bbox 2652 3521 2911 3581; x_wconf 87' lang='lat' dir='ltr'>aliorum</span> <span class='ocrx_word' id='word_1_196' title='bbox 2937 3517 3174 3580; x_wconf 90' lang='lat' dir='ltr'>iuribus</span> 
     </span>
     <span class='ocr_line' id='line_1_25' title="bbox 603 3627 3173 3709; baseline 0 -21"><span class='ocrx_word' id='word_1_197' title='bbox 603 3629 1114 3707; x_wconf 88' lang='lat' dir='ltr'>possessionariis</span> <span class='ocrx_word' id='word_1_198' title='bbox 1162 3639 1549 3708; x_wconf 87' lang='lat' dir='ltr'>separarunt,</span> <span class='ocrx_word' id='word_1_199' title='bbox 1597 3631 1888 3690; x_wconf 88' lang='lat' dir='ltr'>videlicet</span> <span class='ocrx_word' id='word_1_200' title='bbox 1935 3629 2016 3690; x_wconf 88' lang='lat' dir='ltr'>ad</span> <span class='ocrx_word' id='word_1_201' title='bbox 2063 3630 2283 3706; x_wconf 70' lang='lat' dir='ltr'>viginti</span> <span class='ocrx_word' id='word_1_202' title='bbox 2330 3630 2489 3690; x_wconf 89' lang='lat' dir='ltr'>duas</span> <span class='ocrx_word' id='word_1_203' title='bbox 2525 3629 2947 3690; x_wconf 75' lang='lat' dir='ltr'>dimensiones</span> <span class='ocrx_word' id='word_1_204' title='bbox 2984 3627 3173 3709; x_wconf 88' lang='lat' dir='ltr'>vulgo</span> 
     </span>
     <span class='ocr_line' id='line_1_26' title="bbox 605 3731 3168 3815; baseline -0 -19"><span class='ocrx_word' id='word_1_205' title='bbox 605 3737 818 3815; x_wconf 90' lang='lat' dir='ltr'>methy</span> <span class='ocrx_word' id='word_1_206' title='bbox 865 3737 928 3796; x_wconf 90' lang='lat' dir='ltr'>in</span> <span class='ocrx_word' id='word_1_207' title='bbox 976 3756 1046 3797; x_wconf 86' lang='lat' dir='ltr'>se</span> <span class='ocrx_word' id='word_1_208' title='bbox 1094 3731 1465 3812; x_wconf 85' lang='lat' dir='ltr'>continenS‚¹</span> <span class='ocrx_word' id='word_1_209' title='bbox 1529 3747 1592 3798; x_wconf 92' lang='lat' dir='ltr'>et</span> <span class='ocrx_word' id='word_1_210' title='bbox 1635 3739 1702 3797; x_wconf 91' lang='lat' dir='ltr'>in</span> <span class='ocrx_word' id='word_1_211' title='bbox 1764 3739 1898 3798; x_wconf 89' lang='lat' dir='ltr'>aliis</span> <span class='ocrx_word' id='word_1_212' title='bbox 1961 3739 2113 3798; x_wconf 90' lang='lat' dir='ltr'>locis</span> <span class='ocrx_word' id='word_1_213' title='bbox 2162 3737 2596 3797; x_wconf 89' lang='lat' dir='ltr'>communibus</span> <span class='ocrx_word' id='word_1_214' title='bbox 2663 3744 2725 3796; x_wconf 89' lang='lat' dir='ltr'>et</span> <span class='ocrx_word' id='word_1_215' title='bbox 2771 3735 3168 3815; x_wconf 90' lang='lat' dir='ltr'>pertinenciis</span> 
     </span>
     <span class='ocr_line' id='line_1_27' title="bbox 609 3841 3167 3925; baseline -0 -20"><span class='ocrx_word' id='word_1_216' title='bbox 609 3844 935 3920; x_wconf 82' lang='lat' dir='ltr'>universiS,</span> <span class='ocrx_word' id='word_1_217' title='bbox 971 3845 1206 3906; x_wconf 89' lang='lat' dir='ltr'>scilicet</span> <span class='ocrx_word' id='word_1_218' title='bbox 1236 3841 1395 3905; x_wconf 90' lang='lat' dir='ltr'>inter</span> <span class='ocrx_word' id='word_1_219' title='bbox 1427 3846 1860 3924; x_wconf 89' lang='lat' dir='ltr'>possessiones</span> <span class='ocrx_word' id='word_1_220' title='bbox 1894 3854 1956 3906; x_wconf 91' lang='lat' dir='ltr'>et</span> <span class='ocrx_word' id='word_1_221' title='bbox 1988 3847 2318 3925; x_wconf 83' lang='lat' dir='ltr'>porciones</span> <span class='ocrx_word' id='word_1_222' title='bbox 2338 3845 2871 3924; x_wconf 87' lang='lat' dir='ltr'>possessionarias</span> <span class='ocrx_word' id='word_1_223' title='bbox 2906 3845 3167 3905; x_wconf 89' lang='lat' dir='ltr'>aliorum</span> 
     </span>
     <span class='ocr_line' id='line_1_28' title="bbox 602 3952 3171 4032; baseline 0 -22"><span class='ocrx_word' id='word_1_224' title='bbox 602 3952 901 4011; x_wconf 91' lang='lat' dir='ltr'>nobilium</span> <span class='ocrx_word' id='word_1_225' title='bbox 948 3952 1095 4012; x_wconf 90' lang='lat' dir='ltr'>dicti</span> <span class='ocrx_word' id='word_1_226' title='bbox 1141 3953 1366 4032; x_wconf 81' lang='lat' dir='ltr'>Campi</span> <span class='ocrx_word' id='word_1_227' title='bbox 1417 3954 1494 4013; x_wconf 89' lang='lat' dir='ltr'>ab</span> <span class='ocrx_word' id='word_1_228' title='bbox 1544 3954 1843 4028; x_wconf 89' lang='lat' dir='ltr'>orientali,</span> <span class='ocrx_word' id='word_1_229' title='bbox 1895 3962 1957 4012; x_wconf 91' lang='lat' dir='ltr'>et</span> <span class='ocrx_word' id='word_1_230' title='bbox 2003 3954 2163 4013; x_wconf 90' lang='lat' dir='ltr'>inter</span> <span class='ocrx_word' id='word_1_231' title='bbox 2209 3953 2395 4012; x_wconf 90' lang='lat' dir='ltr'>aliam</span> <span class='ocrx_word' id='word_1_232' title='bbox 2442 3952 2909 4030; x_wconf 88' lang='lat' dir='ltr'>possessionem</span> <span class='ocrx_word' id='word_1_233' title='bbox 2977 3970 3171 4032; x_wconf 87' lang='lat' dir='ltr'>gene-</span> 
     </span>
     <span class='ocr_line' id='line_1_29' title="bbox 606 4059 3164 4141; baseline -0 -23"><span class='ocrx_word' id='word_1_234' title='bbox 606 4059 984 4120; x_wconf 89' lang='lat' dir='ltr'>racionalem</span> <span class='ocrx_word' id='word_1_235' title='bbox 1010 4062 1326 4139; x_wconf 89' lang='lat' dir='ltr'>quondam</span> <span class='ocrx_word' id='word_1_236' title='bbox 1351 4061 1714 4141; x_wconf 86' lang='lat' dir='ltr'>Wigotichy</span> <span class='ocrx_word' id='word_1_237' title='bbox 1749 4080 1788 4122; x_wconf 87' lang='lat' dir='ltr'>a</span> <span class='ocrx_word' id='word_1_238' title='bbox 1818 4061 2225 4134; x_wconf 89' lang='lat' dir='ltr'>meridionali,</span> <span class='ocrx_word' id='word_1_239' title='bbox 2274 4068 2336 4120; x_wconf 92' lang='lat' dir='ltr'>et</span> <span class='ocrx_word' id='word_1_240' title='bbox 2375 4059 2536 4119; x_wconf 89' lang='lat' dir='ltr'>inter</span> <span class='ocrx_word' id='word_1_241' title='bbox 2568 4060 2735 4119; x_wconf 89' lang='lat' dir='ltr'>viam</span> <span class='ocrx_word' id='word_1_242' title='bbox 2768 4078 3164 4119; x_wconf 89' lang='lat' dir='ltr'>communem</span> 
     </span>
     <span class='ocr_line' id='line_1_30' title="bbox 606 4166 3171 4247; baseline -0 -22"><span class='ocrx_word' id='word_1_243' title='bbox 606 4166 685 4225; x_wconf 91' lang='lat' dir='ltr'>ab</span> <span class='ocrx_word' id='word_1_244' title='bbox 733 4167 1120 4240; x_wconf 89' lang='lat' dir='ltr'>occidentali,</span> <span class='ocrx_word' id='word_1_245' title='bbox 1171 4175 1232 4227; x_wconf 89' lang='lat' dir='ltr'>et</span> <span class='ocrx_word' id='word_1_246' title='bbox 1277 4168 1438 4228; x_wconf 89' lang='lat' dir='ltr'>inter</span> <span class='ocrx_word' id='word_1_247' title='bbox 1481 4168 1949 4246; x_wconf 90' lang='lat' dir='ltr'>possessionem</span> <span class='ocrx_word' id='word_1_248' title='bbox 2000 4169 2318 4246; x_wconf 88' lang='lat' dir='ltr'>quondam</span> <span class='ocrx_word' id='word_1_249' title='bbox 2349 4167 2785 4247; x_wconf 88' lang='lat' dir='ltr'>generacionis</span> <span class='ocrx_word' id='word_1_250' title='bbox 2834 4168 2910 4226; x_wconf 90' lang='lat' dir='ltr'>de</span> <span class='ocrx_word' id='word_1_251' title='bbox 2944 4166 3171 4225; x_wconf 90' lang='lat' dir='ltr'>Szlavo</span> 
     </span>
     <span class='ocr_line' id='line_1_31' title="bbox 605 4275 3171 4354; baseline 0 -22"><span class='ocrx_word' id='word_1_252' title='bbox 605 4283 846 4350; x_wconf 91' lang='lat' dir='ltr'>vocate,</span> <span class='ocrx_word' id='word_1_253' title='bbox 879 4275 1080 4350; x_wconf 88' lang='lat' dir='ltr'>sitam,</span> <span class='ocrx_word' id='word_1_254' title='bbox 1113 4276 1391 4336; x_wconf 89' lang='lat' dir='ltr'>habitam</span> <span class='ocrx_word' id='word_1_255' title='bbox 1423 4285 1486 4335; x_wconf 91' lang='lat' dir='ltr'>et</span> <span class='ocrx_word' id='word_1_256' title='bbox 1517 4277 1904 4350; x_wconf 86' lang='lat' dir='ltr'>existentem,</span> <span class='ocrx_word' id='word_1_257' title='bbox 1936 4277 2122 4336; x_wconf 88' lang='lat' dir='ltr'>modo</span> <span class='ocrx_word' id='word_1_258' title='bbox 2149 4276 2454 4354; x_wconf 88' lang='lat' dir='ltr'>premisso</span> <span class='ocrx_word' id='word_1_259' title='bbox 2484 4275 3001 4354; x_wconf 86' lang='lat' dir='ltr'>specificatarum,</span> <span class='ocrx_word' id='word_1_260' title='bbox 3030 4293 3171 4333; x_wconf 90' lang='lat' dir='ltr'>cum</span> 
     </span>
     <span class='ocr_line' id='line_1_32' title="bbox 605 4383 3173 4461; baseline -0.001 -19"><span class='ocrx_word' id='word_1_261' title='bbox 605 4383 892 4443; x_wconf 88' lang='lat' dir='ltr'>omnibus</span> <span class='ocrx_word' id='word_1_262' title='bbox 941 4390 1054 4442; x_wconf 89' lang='lat' dir='ltr'>etc.</span> <span class='ocrx_word' id='word_1_263' title='bbox 1102 4383 1516 4461; x_wconf 85' lang='lat' dir='ltr'>pertinenciiS,</span> <span class='ocrx_word' id='word_1_264' title='bbox 1564 4383 1627 4443; x_wconf 92' lang='lat' dir='ltr'>in</span> <span class='ocrx_word' id='word_1_265' title='bbox 1663 4384 1981 4443; x_wconf 90' lang='lat' dir='ltr'>dominum</span> <span class='ocrx_word' id='word_1_266' title='bbox 2013 4384 2146 4443; x_wconf 92' lang='lat' dir='ltr'>eius</span> <span class='ocrx_word' id='word_1_267' title='bbox 2180 4392 2293 4443; x_wconf 91' lang='lat' dir='ltr'>etc.</span> <span class='ocrx_word' id='word_1_268' title='bbox 2320 4383 2771 4443; x_wconf 90' lang='lat' dir='ltr'>introducendo</span> <span class='ocrx_word' id='word_1_269' title='bbox 2822 4389 3173 4442; x_wconf 89' lang='lat' dir='ltr'>statuerunt</span> 
     </span>
     <span class='ocr_line' id='line_1_33' title="bbox 607 4489 3171 4569; baseline -0 -21"><span class='ocrx_word' id='word_1_270' title='bbox 607 4498 740 4562; x_wconf 66' lang='lat' dir='ltr'>ete„</span> <span class='ocrx_word' id='word_1_271' title='bbox 789 4490 1037 4548; x_wconf 89' lang='lat' dir='ltr'>nemine</span> <span class='ocrx_word' id='word_1_272' title='bbox 1084 4490 1332 4568; x_wconf 91' lang='lat' dir='ltr'>penitus</span> <span class='ocrx_word' id='word_1_273' title='bbox 1382 4491 1847 4550; x_wconf 88' lang='lat' dir='ltr'>contradicente</span> <span class='ocrx_word' id='word_1_274' title='bbox 1895 4498 2010 4550; x_wconf 88' lang='lat' dir='ltr'>etc.</span> <span class='ocrx_word' id='word_1_275' title='bbox 2060 4491 2293 4549; x_wconf 88' lang='lat' dir='ltr'>Datum</span> <span class='ocrx_word' id='word_1_276' title='bbox 2324 4489 2655 4569; x_wconf 88' lang='lat' dir='ltr'>Zagrabie,</span> <span class='ocrx_word' id='word_1_277' title='bbox 2704 4489 2858 4548; x_wconf 92' lang='lat' dir='ltr'>feria</span> <span class='ocrx_word' id='word_1_278' title='bbox 2891 4489 3171 4549; x_wconf 88' lang='lat' dir='ltr'>secunda</span> 
     </span>
     <span class='ocr_line' id='line_1_34' title="bbox 605 4595 2775 4682; baseline -0 -25"><span class='ocrx_word' id='word_1_279' title='bbox 605 4598 890 4676; x_wconf 85' lang='lat' dir='ltr'>proxima</span> <span class='ocrx_word' id='word_1_280' title='bbox 937 4606 1080 4657; x_wconf 90' lang='lat' dir='ltr'>ante</span> <span class='ocrx_word' id='word_1_281' title='bbox 1129 4598 1357 4682; x_wconf 72' lang='lat' dir='ltr'>festum</span> <span class='ocrx_word' id='word_1_282' title='bbox 1403 4598 1744 4659; x_wconf 88' lang='lat' dir='ltr'>nativitatis</span> <span class='ocrx_word' id='word_1_283' title='bbox 1791 4597 2041 4672; x_wconf 90' lang='lat' dir='ltr'>domini,</span> <span class='ocrx_word' id='word_1_284' title='bbox 2092 4617 2256 4657; x_wconf 90' lang='lat' dir='ltr'>anno</span> <span class='ocrx_word' id='word_1_285' title='bbox 2304 4597 2537 4657; x_wconf 88' lang='lat' dir='ltr'>domini</span> <span class='ocrx_word' id='word_1_286' title='bbox 2592 4595 2775 4657; x_wconf 88' lang='grc'><strong>1458.</strong></span> 
     </span>
    </p>
   </div>
   <div class='ocr_carea' id='block_1_8' title="bbox 606 4717 3239 4880">
    <p class='ocr_par' dir='ltr' id='par_1_8' title="bbox 606 4717 3239 4880">
     <span class='ocr_line' id='line_1_35' title="bbox 827 4717 3239 4791; baseline -0.002 -17"><span class='ocrx_word' id='word_1_287' title='bbox 827 4721 1120 4774; x_wconf 82' lang='lat' dir='ltr'>Extractus</span> <span class='ocrx_word' id='word_1_288' title='bbox 1159 4721 1400 4791; x_wconf 85' lang='lat' dir='ltr'>simplex</span> <span class='ocrx_word' id='word_1_289' title='bbox 1439 4725 1527 4775; x_wconf 83' lang='lat' dir='ltr'>sat</span> <span class='ocrx_word' id='word_1_290' title='bbox 1563 4737 1831 4776; x_wconf 85' lang='lat' dir='ltr'>erroneus</span> <span class='ocrx_word' id='word_1_291' title='bbox 1869 4720 2081 4775; x_wconf 88' lang='lat' dir='ltr'>saeculi</span> <span class='ocrx_word' id='word_1_292' title='bbox 2122 4720 2308 4774; x_wconf 86' lang='lat' dir='ltr'>XVIII.</span> <span class='ocrx_word' id='word_1_293' title='bbox 2358 4720 2420 4772; x_wconf 91' lang='lat' dir='ltr'>In</span> <span class='ocrx_word' id='word_1_294' title='bbox 2458 4719 2691 4774; x_wconf 82' lang='lat' dir='ltr'>archivo</span> <span class='ocrx_word' id='word_1_295' title='bbox 2731 4717 2918 4772; x_wconf 87' lang='lat' dir='ltr'>accad.</span> <span class='ocrx_word' id='word_1_296' title='bbox 2978 4717 3173 4774; x_wconf 85' lang='lat' dir='ltr'>scient.</span> <span class='ocrx_word' id='word_1_297' title='bbox 3194 4737 3239 4768; x_wconf 62' lang='grc' dir='ltr'>ς</span> 
     </span>
     <span class='ocr_line' id='line_1_36' title="bbox 606 4809 2081 4880; baseline -0.001 -16"><span class='ocrx_word' id='word_1_298' title='bbox 606 4815 661 4864; x_wconf 86' lang='lat' dir='ltr'>et</span> <span class='ocrx_word' id='word_1_299' title='bbox 699 4813 800 4863; x_wconf 81' lang='lat' dir='ltr'>art.</span> <span class='ocrx_word' id='word_1_300' title='bbox 843 4811 1061 4864; x_wconf 85' lang='lat' dir='ltr'>Slavor.</span> <span class='ocrx_word' id='word_1_301' title='bbox 1101 4810 1278 4863; x_wconf 77' lang='lat' dir='ltr'>met-id</span> <span class='ocrx_word' id='word_1_302' title='bbox 1317 4811 1638 4879; x_wconf 84' lang='lat' dir='ltr'>Zagrabiae.</span> <span class='ocrx_word' id='word_1_303' title='bbox 1678 4809 1774 4880; x_wconf 94' lang='lat' dir='ltr'>(ad</span> <span class='ocrx_word' id='word_1_304' title='bbox 1811 4827 1859 4864; x_wconf 88' lang='lat' dir='ltr'>a.</span> <span class='ocrx_word' id='word_1_305' title='bbox 1902 4809 2081 4879; x_wconf 82' lang='lat'>1267.)</span> 
     </span>
    </p>
   </div>
   <div class='ocr_carea' id='block_1_9' title="bbox 827 4988 1447 5059">
    <p class='ocr_par' dir='ltr' id='par_1_9' title="bbox 827 4988 1447 5059">
     <span class='ocr_line' id='line_1_37' title="bbox 827 4988 1447 5059; baseline 0 -17"><span class='ocrx_word' id='word_1_306' title='bbox 827 4990 840 5018; x_wconf 89' lang='lat'><strong>¹</strong></span> <span class='ocrx_word' id='word_1_307' title='bbox 878 4988 960 5042; x_wconf 79' lang='lat' dir='ltr'>sic</span> <span class='ocrx_word' id='word_1_308' title='bbox 998 4988 1447 5059; x_wconf 86' lang='lat' dir='ltr'>(continentem).</span> 
     </span>
    </p>
   </div>
  </div>
 </body>
</html>
