3917 5592
802 433 935 497 304

804 652 926 711 deo
955 651 1348 725 famulantes,
1397 652 1842 731 statuissetque
1874 652 2130 712 easdem
2165 651 2399 712 eisdem
2433 652 2739 730 premisso
2772 652 2901 713 iure
2950 653 3100 731 ipsis
3135 653 3367 714 incum-

801 756 970 819 benti
1001 766 1305 837 perpetuo
1337 758 1768 837 possidendam,
1803 758 1951 836 ipsis
1986 759 2218 818 domini
2252 758 2493 818 comitis
2530 768 2592 819 et
2623 758 2771 819 bani
2802 779 2875 819 ac
2908 767 3121 819 nostro
3173 760 3366 820 homi-

799 865 987 925 nibus
1017 863 1165 924 inibi
1192 864 1512 945 legittimis
1530 866 1751 926 diebus
1773 865 1944 926 iuxta
1974 866 2153 946 regni
2181 866 2694 926 consvetudinem
2720 885 2959 926 moram
2980 866 3367 941 facientibus,

799 973 966 1032 nullo
1016 972 1264 1050 penitus
1328 972 1782 1033 contradictore
1845 979 2203 1052 apparente.
2266 974 2337 1033 In
2384 973 2559 1033 cuius
2608 974 2698 1033 rei
2758 974 3121 1033 memoriam
3175 973 3361 1034 firmi-

798 1088 1114 1159 tatemque
1179 1087 1564 1159 perpetuam,
1635 1080 2030 1159 presentibus
2098 1080 2371 1161 sigillum
2433 1087 2714 1141 nostrum
2778 1082 3067 1142 duximus
3132 1102 3362 1161 appen-

796 1189 1086 1249 dendum.
1134 1189 1368 1248 Datum
1414 1188 1629 1267 quinto
1696 1188 1939 1249 decimo
2003 1188 2103 1247 die
2167 1188 2290 1248 diei
2352 1188 2833 1253 introduccionis
2881 1197 2946 1249 et
3002 1189 3367 1250 statucionis

796 1295 1238 1375 predictarum,
1288 1314 1452 1356 anno
1501 1294 1733 1355 domini
1779 1293 2108 1355 millesimo
2156 1295 2775 1375 quadringentesimo
2838 1296 3361 1376 quinquagesimo

800 1403 1078 1465 secundo
1125 1402 1501 1482 supradicto,
1609 1418 1620 1427 ·

1013 1542 1296 1613 Originale
1335 1545 1779 1612 membraneum,
1820 1545 2103 1613 appendet
2142 1561 2287 1599 zona
2313 1544 2528 1599 sericea
2565 1542 2775 1599 viridis·
2790 1544 3003 1599 coloris
3042 1546 3255 1614 absque
3292 1544 3365 1599 si-

795 1635 948 1703 gillo.
989 1634 1048 1687 1n
1090 1634 1324 1688 archivo
1372 1634 1525 1701 regni
1565 1632 1900 1702 Hungariam
1941 1633 2325 1704 Budapestini.
2378 1634 2447 1688 Μ.
2488 1632 2570 1688 0.·
2591 1634 2653 1690 Ι).
2693 1634 2750 1687 L.
2788 1632 3014 1703 34346„
3054 1634 3189 1689 olim
3230 1635 3369 1688 Acta

808 1725 1050 1776 monast.
1089 1722 1445 1777 Remetensis
1485 1723 1618 1777 fasc.
1658 1722 1744 1777 111.
1784 1722 1890 1776 No·
1925 1722 1977 1776 3.
2680 1718 2691 1728 '

1984 2006 2038 2075 2
2051 2007 2195 2077 ⁷4.

1011 2208 1196 2267 Anno
1253 2206 1438 2268 1453.
1488 2205 1546 2267 9.
1597 2207 1824 2286 aprilis,
1873 2206 2247 2288 Zagrabiae.

804 2401 1060 2466 Coram
1129 2400 1452 2465 Emerico
1501 2399 1662 2485 filio
1735 2400 1948 2463 Pauli
2002 2398 2156 2483 filii
2218 2398 2448 2464 Iacobi
2508 2400 2591 2491 de
2651 2384 3087 2477 Korilowcz,'
3122 2401 3368 2464 comite

798 2502 1114 2573 terrestri
1191 2510 1440 2593 Campi
1503 2506 2028 2593 Zagrabiensis‚
2090 2507 2377 2572 domina
2452 2507 2711 2574 Ursula
2772 2529 2930 2572 cum
2968 2509 3252 2593 generis
3300 2511 3365 2571 et

784 2614 1078 2699 filiabus
1121 2615 1297 2694 suis,
1363 2615 1806 2679 Valentinum
1841 2614 2087 2699 fliium
2138 2612 2472 2699 Stephani
2509 2615 2590 2679 de
2638 2613 2851 2699 Infer.
2906 2615 3363 2701 Lompnycza,

798 2724 1072 2788 ratione
1118 2724 1351 2788 totalis
1412 2722 1928 2808 satisfactionis
1990 2722 2073 2787 de
2128 2722 2687 2808 possessionibus
2744 2721 3037 2787 eundem
3098 2743 3363 2787 concer-

1593 2831 1933 2909 nentibus’,
1980 2832 2286 2917 quittum
2334 2830 2579 2895 reddit.

1015 3014 1148 3072 Nos
1193 3013 1518 3073 Emericus
1585 2984 1750 3073 filius
1813 3014 1991 3073 Pauli
2036 3012 2144 3073 filii
2190 3014 2401 3073 Iacobi
2449 3015 2527 3073 de
2576 3014 2925 3073 Korilowcz
2991 3032 3202 3073 comes
3243 3021 3361 3073 ter·

801 3120 1014 3179 restris
1062 3119 1291 3199 Campi
1336 3120 1781 3200 Zagrabiensis
1829 3120 2129 3181 memorie
2175 3122 2688 3180 commendamus
2722 3129 2937 3180 tenore
2972 3120 3364 3199 presencium

799 3225 1228 3308 significantes
1276 3228 1500 3307 quibus
1549 3226 1798 3308 expedit
1843 3228 2169 3303 universiS,
2218 3229 2385 3308 quod
2432 3228 2655 3289 nobilis
2702 3228 2956 3289 domina
2987 3229 3217 3288 Vrsula
3246 3248 3354 3287 vo-

797 3344 956 3411 cata,
1005 3336 1132 3397 filia
1179 3338 1445 3397 condam
1495 3336 1742 3397 domine
1791 3338 2004 3411 Elene,
2052 3338 2175 3397 filie
2223 3338 2393 3413 olym
2438 3336 2700 3397 Fabiani
2744 3337 2854 3397 filii
2900 3338 3033 3397 Iwk
3080 3338 3157 3397 de
3204 3336 3361 3397 Infe-

796 3444 940 3503 riori
973 3445 1392 3522 Lompnycza,
1423 3463 1498 3503 ex
1534 3444 1757 3503 eadem
1788 3445 2055 3507 condam
2089 3444 2343 3504 domina
2372 3444 2573 3504 Elena
2598 3453 2659 3504 et
2692 3464 2769 3504 ex
2800 3445 3061 3523 provido
3095 3444 3364 3504 condam

803 3550 937 3610 viro
984 3550 1230 3626 Iacobo,
1278 3552 1445 3629 olym
1511 3550 1649 3610 cive
1713 3550 1979 3611 civitatis
2046 3551 2605 3629 Montisgrecensis
2671 3551 2973 3630 legittime
3031 3551 3360 3630 progenita

798 3665 860 3717 et
905 3667 1252 3736 procreata,
1300 3667 1361 3719 et
1389 3658 1610 3717 nobilis
1658 3657 1936 3718 similiter
1983 3658 2235 3717 domina
2284 3658 2604 3717 Dorothea
2640 3667 2877 3731 vocata,
2910 3658 3039 3718 filia
3071 3657 3352 3718 eiusdem

797 3765 1046 3826 domine
1092 3767 1334 3841 Vrsule,
1381 3785 1546 3825 nunc
1593 3784 1746 3825 vero
1815 3784 2075 3826 consors
2120 3764 2445 3844 ,legittima
2502 3766 2551 3823 F
2555 3766 2817 3825 rancisci
2880 3765 3146 3839 litterati,
3206 3765 3359 3825 civis

798 3874 960 3935 dicte
1027 3874 1293 3934 civitatis
1357 3873 1932 3953 Montisgreeensi8‚
1996 3892 2267 3931 unacum
2330 3873 2609 3950 predicto
2664 3874 2712 3931 F
2716 3872 2999 3932 rancisco
3070 3872 3358 3947 litteratO,

797 3982 930 4041 viro
978 4000 1093 4041 suo
1139 3980 1461 4061 legittimo,
1511 4000 1583 4039 ac
1633 3980 1853 4040 nobilis
1901 3980 2181 4039 similiter
2228 3978 2481 4039 domina
2529 3980 2749 4059 Agnes
2812 3987 3056 4054 vocata,
3103 3979 3228 4039 filia
3278 3980 3356 4039 si·

799 4088 1021 4149 militer
1067 4087 1258 4166 ipsius
1306 4088 1556 4149 domine
1603 4088 1844 4161 Vrsule,
1892 4107 2059 4147 nunc
2108 4095 2316 4147 autem
2366 4105 2623 4147 consors
2672 4087 2976 4167 legittima
3018 4086 3227 4146 Iacobi
3259 4106 3359 4145 su-

799 4196 968 4271 toriS,
1015 4196 1444 4256 inhabitatoris
1492 4195 1654 4256 dicte
1703 4195 1988 4267 civitati8‚
2036 4214 2308 4255 unacum
2354 4196 2578 4254 eodem
2640 4195 2867 4255 Iacobo
2932 4202 3161 4267 sutore,
3228 4193 3361 4253 viro

797 4304 1078 4365 similiter
1124 4321 1238 4363 suo
1285 4303 1608 4383 legittimo,
1658 4311 1721 4362 et
1766 4304 1961 4381 proba
2014 4322 2089 4363 ac
2120 4306 2385 4363 honesta
2433 4304 2643 4381 puella
2676 4303 3087 4383 Margaretha
3118 4310 3361 4376 vocata,

799 4412 924 4471 filia
955 4411 1234 4471 similiter
1265 4411 1459 4490 ipsius
1492 4411 1740 4470 domine
1788 4412 2031 4485 Vrsule,
2080 4410 2141 4470 in
2176 4410 2455 4489 ipsorum
2488 4419 2549 4470 et
2583 4410 3016 4470 universorum
3061 4409 3363 4469 heredum

797 4537 1016 4580 eorum
1060 4519 1361 4597 personi8‚
1409 4538 1594 4577 omne
1641 4538 1800 4578 onus
1849 4525 1911 4577 et
1957 4536 2305 4597 gravamen
2352 4518 2631 4595 ipsorum
2680 4518 2742 4576 in
2790 4536 2859 4577 se
2908 4516 3076 4595 ipsos
3140 4523 3361 4594 sponte

795 4644 909 4706 per
953 4627 1166 4686 omnia
1213 4634 1688 4699 assummenteS,
1762 4626 1844 4685 ad
1912 4634 2193 4685 nostram
2242 4625 2567 4685 venientes
2630 4624 3025 4704 presenciam
3075 4623 3361 4684 confesse

797 4742 943 4793 sunt
987 4734 1050 4795 in
1097 4734 1262 4794 hunc
1332 4736 1603 4807 modum,
1668 4741 1736 4793 ut
1803 4734 2025 4793 nobili-s
2090 4733 2181 4793 vir
2244 4734 2609 4793 Valentinus
2676 4733 2835 4793 filius
2894 4732 3197 4811 Stephani
3258 4731 3363 4791 filii

797 4842 1054 4919 predicti
1103 4828 1370 4902 condam
1419 4841 1676 4902 Fabiani
1724 4842 1831 4902 filii
1878 4842 2073 4919 ipsius
2123 4843 2252 4901 Iwk
2278 4842 2355 4902 de
2403 4842 2569 4901 dicta
2615 4840 2894 4902 Inferiori
2942 4842 3358 4917 Lompnycza‚

797 4950 936 5034 psis
977 4950 1268 5013 videlicet
1315 4950 1566 5013 domine
1617 4951 1840 5013 Vrsule
1889 4958 1952 5014 et
2000 4950 2316 5013 Dorothee
2368 4969 2443 5011 ac
2492 4948 2726 5033 Agneti
2796 4948 3064 5029 filiab[us
3100 4994 3357 5011 ......
