3917 5592
3006 486 3074 559 11

741 840 928 903 Anno
985 838 1169 908 1255.

521 1038 692 1103 Bela
741 1036 864 1103 IV.
909 1036 1330 1123 Hungariae
1375 1038 1494 1101 etc.
1541 1056 1680 1113 rex,
1727 1036 2243 1102 restitutionem
2294 1039 2517 1100 terrae
2557 1034 2751 1100 Odra
2794 1038 3091 1115 vocatae,

523 1142 1010 1230 iobagionibus
1056 1144 1278 1209 castri
1305 1140 1823 1229 zag-rabiensis,
1861 1148 1994 1228 per
2024 1142 2451 1227 Stephanum
2500 1141 2757 1208 banum
2790 1142 3083 1229 factam,

1610 1249 1999 1335 confirmat.

735 1450 888 1510 Bela
932 1450 1034 1511 dei
1062 1450 1280 1530 gracia
1325 1449 1623 1529 Vngarie,
1673 1448 2014 1525 Dalmacie‚
2062 1449 2348 1525 Croacie,
2396 1450 2609 1526 Rame,
2656 1450 2893 1525 Seruie,
2942 1450 3088 1510 Gal-

531 1556 711 1617 lichie
777 1557 1168 1631 Lodomerie,
1234 1556 1666 1635 Cumanieque
1715 1576 1824 1617 rex
1886 1557 2174 1618 omnibus
2224 1557 2304 1617 ad
2351 1575 2508 1635 quos
2572 1564 2896 1636 presentes
2950 1575 3088 1635 per-

525 1664 825 1739 uenerint,
874 1664 1141 1724 salutem
1186 1663 1250 1723 in
1298 1664 1516 1723 salutis
1565 1671 1835 1724 auctore.
1884 1664 2059 1725 Solet
2106 1684 2145 1724 a
2175 1663 2453 1743 principe
2502 1664 2872 1737 confirmari,
2920 1663 3088 1741 quod

523 1772 588 1831 in
654 1779 994 1849 conspectu
1065 1772 1304 1851 geritur
1369 1770 1654 1845 aliorum,
1719 1771 2163 1831 inconcussum
2231 1772 2461 1850 quippe
2531 1780 2875 1850 permanet,
2923 1770 3091 1849 quod

524 1879 697 1959 regie
745 1878 1100 1939 serenitatis
1161 1878 1436 1957 presidio
1484 1878 1827 1937 roboratur.
1920 1878 2025 1938 Ad
2072 1878 2507 1963 uniuersorum
2560 1878 2750 1958 igitur
2796 1877 3090 1936 noticiam

522 1988 747 2047 harum
774 1986 938 2047 serie
985 1986 1274 2045 volumus
1308 1985 1655 2065 peruenire,
1704 1985 1872 2064 quod
1912 1985 2223 2046 accedens
2258 1986 2340 2046 ad
2371 1993 2651 2045 nostram
2696 1985 3090 2063 presenciam

523 2095 880 2172 Stephanus
927 2095 1130 2154 banus
1177 2094 1378 2153 tocius
1424 2092 1757 2153 Sclauonie
1805 2100 1868 2153 et
1914 2093 2282 2171 capitaneus
2328 2092 2531 2167 Stirie,
2566 2112 2633 2153 .a
2678 2092 2858 2152 nobis
2904 2092 3092 2170 peciit

526 2201 870 2282 diligenter,
942 2209 1010 2260 ut
1057 2200 1522 2261 restitucionem
1569 2200 1894 2260 cuiusdam
1956 2200 2112 2260 silue
2161 2199 2567 2279 iobagionum
2615 2199 2803 2259 castri
2848 2200 3086 2279 Zagra-

525 2310 764 2370 biensis
827 2308 1078 2383 factam,
1149 2308 1300 2388 ipsis
1348 2309 1787 2390 iobagionibus
1859 2308 2049 2367 castri
2094 2324 2208 2386 per
2254 2307 2540 2382 eundem,
2588 2308 2759 2366 iuxta
2812 2314 3095 2367 tenorem

529 2417 872 2477 litterarum
936 2436 1192 2477 suarum
1263 2402 1476 2477 nostro
1525 2416 1931 2496 dignaremur
1983 2415 2313 2496 priuilegio
2361 2415 2748 2475 confirmare.
2814 2414 3098 2490 Quarum

531 2525 783 2604 quidem
845 2525 1190 2585 litterarum
1257 2532 1439 2584 tenor
1485 2523 1536 2581 is
1585 2531 1711 2583 est:
1763 2523 1842 2599 (V
1868 2523 1954 2581 id
1983 2542 2016 2582 e
2086 2542 2127 2600 p
2154 2542 2247 2582 ra
2272 2541 2305 2581 e
2336 2542 2369 2581 c
2399 2540 2434 2581 e
2465 2523 2504 2581 d
2531 2541 2687 2582 ens
2757 2522 2798 2580 d
2823 2540 2861 2580 o
2886 2540 2921 2580 c
2946 2540 2987 2579 u
3014 2540 3094 2580 m.

530 2652 568 2693 a
591 2653 632 2691 n
661 2634 748 2692 ni
804 2631 970 2693 1255
1017 2652 1048 2691 s
1077 2652 1119 2691 u
1145 2632 1187 2692 b
1235 2632 1351 2691 No.
1402 2630 1500 2707 7.).
1561 2631 1693 2690 Nos
1739 2631 1952 2709 itaque
1999 2606 2409 2709 peticionibus
2456 2628 2757 2707 Stephani
2803 2628 2950 2689 bani
2998 2648 3097 2687 su-

531 2740 740 2819 perius
813 2740 1091 2800 adnotati
1162 2739 1524 2799 satisfacere
1587 2740 1886 2813 volenteS,
1961 2738 2425 2799 restitucionem
2495 2738 2649 2797 silue
2722 2736 3096 2815 supradicte,

532 2850 610 2909 de
657 2848 852 2908 uerbo
923 2848 1005 2908 ad
1069 2848 1332 2908 uerbum
1378 2847 1676 2906 insertam
1744 2846 2157 2923 presentibuS,
2226 2845 2531 2905 habentes
2579 2844 3098 2918 commendatam,

534 2955 903 3015 auctoritate
938 2954 1226 3015 duximus
1253 2930 1430 3035 regia
1478 2954 1987 3013 confirmandam.
2036 2955 2104 3012 In
2154 2953 2330 3013 cuius
2376 2953 2468 3013 rei
2512 2952 2936 3013 testimonium
2960 2971 3097 3029 pre·

531 3069 742 3122 sentes
788 3062 1213 3122 concessimus
1278 3063 1515 3121 litteras
1562 3060 1823 3139 duplicis
1871 3062 2058 3141 sigilli
2104 3062 2300 3121 nostri
2366 3061 2705 3121 munimine
2753 3062 3101 3121 roboratas:

536 3169 766 3229 Datum
801 3188 965 3229 anno
997 3170 1074 3230 ab
1124 3170 1561 3229 incarnacione
1610 3168 1859 3242 domini,
1903 3169 2229 3229 millesimo
2277 3150 2703 3229 ducentesimo
2750 3165 2836 3227 L⁰
2867 3167 3098 3246 quinto,

532 3277 714 3357 regni
762 3285 974 3337 autem
1019 3277 1214 3338 nostri
1261 3296 1314 3337 a.
1361 3258 1527 3335 'xx⁰.

747 3414 1032 3485 originale
1069 3418 1511 3471 membraneum.
1573 3414 1780 3471 Pendet
1817 3416 2189 3484 fragmentum
2230 3414 2396 3485 sigilli
2434 3430 2471 3469 a
2508 3430 2653 3469 zona
2704 3414 2920 3468 sericea
2957 3412 3097 3467 fusci

534 3506 756 3562 coloris.
792 3506 854 3561 In
892 3506 1128 3561 archivo
1163 3508 1294 3561 nob.
1332 3496 1616 3561 commun.
1655 3504 1977 3575 Turopolje.
2014 3534 2079 3545 ——
2113 3504 2290 3573 Fejer,
2348 3502 2483 3558 Cod.
2522 3503 2653 3572 dipl.
2680 3502 2765 3558 IV.
2806 3503 2917 3557 vol.
2956 3502 3008 3556 2.
3046 3518 3099 3571 p.

533 3595 656 3650 288.
697 3623 762 3635 —-·
803 3595 1027 3651 Istinita
1063 3596 1080 3649 i
1121 3594 1410 3664 nedvojna
1447 3594 1730 3650 vlastitost
1768 3596 1840 3664 pl.
1881 3596 2086 3650 obtine
2124 3594 2424 3662 Turovoga
2461 3592 2633 3662 polja.
2686 3592 2899 3661 Zagreb
2942 3592 3097 3645 1850.

539 3690 634 3743 stt.
671 3684 719 3740 5.
759 3714 825 3726 -
864 3685 1214 3756 Kukuljevic,
1273 3686 1526 3755 Regesta.
1567 3684 1668 3739 No.
1708 3684 1832 3739 688.

758 4154 940 4215 Anno
998 4152 1181 4215 1256.
1239 4152 1332 4214 18.
1383 4154 1669 4233 octob-ris.
1728 4154 1795 4211 In
1843 4152 2065 4213 Crisi0.

547 4348 943 4435 Stephanus
973 4349 1190 4413 totius
1237 4346 1652 4413 Sclauoniae
1682 4346 1906 4411 banus
1935 4367 2019 4410 ac
2045 4346 2453 4430 capitaneus
2500 4345 2781 4424 Stiriae,
2836 4348 3100 4410 contro-

546 4458 851 4524 versiam
897 4457 1172 4521 ratione
1241 4459 1594 4520 terrarum
1641 4454 2299 4532 haereditariarum,
2371 4454 2560 4517 inter
2634 4452 2988 4517 Volcutam
3037 4454 3102 4515 et

548 4566 704 4630 eius
757 4564 1285 4650 generationem
1347 4562 1432 4626 ab
1495 4582 1660 4638 una,
1729 4582 1812 4625 ac
1856 4560 2297 4627 Miruzlaum
2357 4560 2441 4623 ab
2500 4560 2719 4623 altera
2782 4558 3107 4643 partibus

686 4674 1084 4748 vertentem,
1131 4670 1476 4735 divisione
1522 4670 1875 4737 dictarum
1923 4671 2279 4734 terrarum
2320 4669 2621 4750 peracta,
2668 4665 2966 4729 dirimit.

760 4836 892 4895 Nos
923 4834 1278 4913 Stephanus
1329 4834 1528 4893 banus
1563 4833 1760 4892 tocius
1807 4832 2139 4893 Sclauonie
2175 4840 2237 4891 et
2268 4830 2633 4909 capitaneus
2681 4829 2863 4889 Stirie
2913 4828 3102 4909 signi-

545 4945 806 5004 ficamus
840 4942 1126 5004 omnibus
1153 4960 1418 5021 «presens
1449 4941 1746 5019 scriptum
1778 4940 2167 5018 inspecturiS,
2214 4940 2381 5017 quod
2415 4958 2556 4997 cum
2592 4938 2748 4997 inter
2776 4938 2831 4996 V
2834 4938 3104 4995 olcutam

546 5051 740 5111 filium
787 5049 1006 5130 IurgiS‚
1053 5050 1305 5129 Dragos
1353 5049 1546 5108 filium
1594 5048 1868 5125 Zdezlay
1915 5055 1979 5107 et
2023 5048 2246 5106 fratres
2295 5066 2443 5105 suos
2493 5056 2553 5105 et
2598 5046 2757 5105 filios
2804 5045 3105 5116 Vratissa,
