3917 5592
757 439 894 513 298

754 676 1179 748 nuncupatum
1230 668 1620 744 existentem,
1667 684 1866 749 usque
1915 658 2082 730 viam
2130 660 2441 749 publicam
2506 650 2913 747 adiacentem,
2961 692 3151 752 quam
3196 662 3314 752 ipsi

754 777 939 837 Petro
971 776 1196 837 intuitu
1245 776 1452 837 divine
1485 776 1734 855 pietatis
1784 777 2035 837 dedisse
2065 777 2379 856 perhibuit
2408 796 2621 838 coram
2652 778 2850 854 nobiS‚
2898 798 3010 858 per
3056 781 3315 841 eosdem

752 884 1220 962 prenominatos
1265 884 1596 945 universos
1645 890 1708 943 et
1752 883 2032 963 ipsorum
2062 885 2328 945 heredes
2376 885 2507 945 iure
2542 894 2847 964 perpetuo
2895 893 2959 945 et
3002 886 3313 947 irrevoca-

751 992 953 1052 biliter
999 993 1353 1067 tenendam,
1401 992 1849 1071 possidendam
1895 992 2128 1071 pariter
2176 1001 2240 1053 et
2283 992 2657 1053 habendam.
2704 993 2773 1053 In
2822 994 2999 1053 cuius
3048 994 3135 1055 rei
3183 1012 3311 1054 me-

751 1100 1019 1160 moriam
1068 1099 1553 1178 firmitatemque
1603 1108 1988 1177 perpetuam,
2052 1108 2378 1178 presentes
2424 1100 2659 1161 litteras
2726 1109 2973 1162 nostras
3018 1101 3315 1179 pendenti

751 1207 955 1287 sigillo
1003 1216 1216 1267 nostro
1265 1207 1673 1287 consignatas
1723 1206 1961 1267 eisdem
2026 1207 2315 1267 duximus
2362 1208 2817 1269 concedendas,
2882 1210 3111 1269 Datum
3158 1208 3315 1269 feria

749 1314 964 1388 tercia,
1009 1315 1070 1375 in
1117 1314 1279 1375 festo
1327 1315 1618 1375 videlicet
1663 1314 1952 1374 undecim
2000 1314 2257 1374 millium
2303 1314 2633 1395 virginum,
2684 1334 2847 1376 anno
2896 1316 3127 1377 domini
3176 1316 3307 1377 mil-

747 1421 966 1482 lesimo
1016 1422 1640 1507 quadringentesimo
1689 1422 2178 1503 quadragesimo
2226 1442 2407 1482 nono,

961 1562 1245 1631 Originale
1285 1564 1732 1631 membraneum,
1773 1563 2057 1633 appendet
2094 1579 2241 1618 zona
2276 1563 2475 1618 viridis
2506 1564 2721 1619 sericea
2759 1566 2971 1633 absquo
3008 1565 3209 1634 sigillo.
3249 1566 3309 1620 ln

745 1653 885 1707 cista
921 1652 1344 1707 communitatis
1383 1652 1660 1707 nobilium
1703 1652 1772 1705 de
1812 1652 1974 1705 Inser.
2020 1652 2305 1707 Lomniea.

1921 1972 2131 2043 208.

965 2174 1150 2235 Anno
1207 2172 1390 2235 1450.
1449 2170 1542 2235 16.
1591 2173 1812 2234 martii.
1861 2174 2236 2253 Zagrabiae.

755 2367 1006 2432 Coram
1059 2367 1398 2433 Clemente
1446 2367 1609 2452 filio
1671 2367 1886 2432 Pauli
1948 2366 2091 2449 filii
2148 2366 2379 2432 Iacobi
2423 2366 2505 2431 de
2552 2366 2995 2445 Korilowecz,
3058 2368 3307 2431 comite

749 2477 910 2539 terr.
965 2474 1215 2559 Campi
1269 2474 1781 2560 Zagrabiensis‚
1847 2475 2245 2559 Dyonisius
2294 2474 2504 2559 filius
2573 2474 2865 2559 Georgii
2926 2474 3007 2539 de
3070 2474 3303 2539 Luka-

745 2602 927 2646 wecz
973 2584 1038 2645 et
1083 2580 1361 2666 Mathey
1395 2581 1486 2666 fil
1493 2583 1607 2646 ius
1652 2582 1868 2647 Pauli
1935 2583 2354 2668 Poznanycfz
2414 2603 2679 2647 necnon
2740 2581 3194 2648 Sebastianus
3240 2586 3305 2646 et

787 2687 1061 2773 Mathey
1095 2688 1250 2773 ficii
1295 2687 1594 2768 Nicolai,
1639 2688 1974 2774 quasdam
2023 2692 2249 2755 terras
2295 2690 2371 2754 in
2423 2686 2820 2767 Lukawecz,
2866 2688 3245 2755 redimunt.

937 2889 1092 2949 ·Nos
1123 2888 1422 2949 Clemens
1453 2888 1612 2948 filius
1643 2888 1822 2948 Pauli
1869 2888 1977 2949 filii
2022 2889 2231 2949 Iacobi
2263 2890 2341 2949 de
2375 2889 2765 2949 Korilowecz
2800 2908 3011 2949 comes
3046 2895 3294 2949 terrest-

745 2996 828 3055 ris
891 2996 1118 3075 Campi
1180 2995 1624 3074 Zagrabiensis
1671 2995 1970 3055 memorie
2022 2997 2536 3056 commendamus
2582 3015 2696 3075 per
2738 3003 3085 3074 presenteS,
3134 2996 3301 3074 quod

744 3098 1090 3183 quendam¹
1135 3112 1366 3163 terram
1417 3101 1732 3177 arabilem¹
1795 3122 1985 3181 quam
2032 3103 2096 3161 in
2140 3103 2371 3183 pignus
2433 3103 2667 3163 dudum
2713 3103 2975 3163 dederat
3035 3103 3299 3183 Bogdan

743 3211 904 3271 filius
948 3209 1202 3270 Martini
1258 3210 1337 3270 de
1385 3210 1757 3285 Lukawecz,
1826 3211 2013 3269 Duko
2062 3219 2124 3271 et
2168 3204 2390 3271 fratre²
2452 3230 2567 3271 suo
2614 3209 2938 3270 Chemecz
3001 3208 3301 3269 filiorum³

741 3319 920 3379 Pauk
967 3320 1046 3378 de
1093 3317 1405 3379 montibus
1453 3327 1670 3379 sancte
1732 3318 2048 3394 Katerine‚
2096 3337 2209 3398 pro
2258 3328 2526 3398 quatuor
2589 3318 2818 3379 marcis
2880 3317 3295 3391 denariorum,

741 3426 804 3485 in
852 3426 1094 3486 duobus
1155 3425 1306 3486 locis
1352 3425 1414 3485 in
1484 3444 1706 3504 campo
1770 3426 2104 3486 Lukavecz
2169 3426 2555 3500 existentem,
2622 3425 2842 3506 viginti
2904 3404 3071 3485 meth
3118 3424 3182 3483 in
3229 3443 3298 3483 se

739 3532 1178 3609 continentes⁴‚
1225 3532 1513 3594 videlicet
1559 3552 1750 3593 unam
1813 3533 2183 3612 particulam
2248 3534 2419 3593 iuxta
2477 3533 2953 3594 Dobouamlaka
3002 3540 3063 3593 et
3111 3531 3297 3591 aliam

739 3641 904 3701 circa
949 3660 1250 3721 magnam
1311 3639 1478 3700 viam
1541 3659 1952 3715 communem,
2016 3660 2130 3719 per
2174 3660 2365 3719 quam
2432 3640 2553 3700 itur
2598 3660 2820 3700 versus
2881 3638 3294 3720 Zagrabiam3

737 3748 886 3808 item
933 3748 1132 3808 eciam
1167 3747 1352 3808 aliam
1399 3756 1630 3807 terram
1676 3746 1955 3807 similiter
1989 3748 2289 3808 arabilem
2337 3748 2399 3808 in
2431 3747 2731 3808 Dulsicha
2763 3746 3041 3808 similiter
3072 3746 3294 3824 campi.

737 3852 1096 3918 continens⁵
1139 3867 1267 3916 tres
1315 3855 1515 3916 dietas
1561 3864 1744 3931 terre,
1791 3875 1905 3934 pro
1938 3855 2184 3916 duabus
2234 3856 2460 3917 marcis
2508 3856 2923 3931 denariorum,
2972 3874 3137 3915 anno
3185 3855 3291 3913 do-

733 3964 883 4024 mini
930 3964 1255 4024 millesimo
1301 3966 1549 4023 LXXX.
1598 3958 1936 4039 secundo⁶;
2006 3964 2155 4024 item
2202 3964 2327 4025 iam
2376 3984 2567 4044 supra
2614 3965 2999 4025 nominatam
3060 3972 3293 4023 terram

737 4072 1033 4135 arabilem
1081 4091 1194 4151 pro
1241 4072 1590 4151 quantitate
1622 4071 1886 4150 pecunie
1921 4072 2295 4151 supradicte,
2342 4072 2724 4133 redimerunt
2768 4071 3073 4145 benivole,
3121 4069 3289 4149 paci·

737 4181 853 4241 fice
902 4174 1310 4259 possidende7
1354 4180 1620 4240 heredes
1666 4179 1942 4259 ipsorum
1992 4180 2328 4258 Dyonisius
2374 4180 2534 4240 filius
2583 4179 2842 4260 Georgii
2888 4180 2965 4240 de
3012 4177 3291 4257 predicta

734 4288 1088 4348 Lukawecz
1137 4296 1199 4348 et
1257 4287 1504 4347 Blasius
1567 4287 1728 4348 filius
1774 4288 1952 4348 Pauli
2016 4290 2405 4366 Poznanycz,
2467 4307 2711 4348 necnon
2771 4286 3181 4348 Sebastianus
3228 4292 3291 4345 et

729 4396 991 4474 Mathey
1024 4396 1133 4457 filii
1180 4395 1424 4455 Nicolai
1461 4396 1717 4470 tamdiu,
1767 4414 1967 4474 usque
2000 4414 2125 4474 quo
2157 4395 2387 4474 proprii
2417 4396 2683 4456 heredes
2716 4395 2991 4475 ipsorum
3024 4401 3289 4472 possunt

729 4504 1053 4578 redimere,
1102 4503 1323 4584 vigore
1357 4512 1420 4563 et
1450 4502 1804 4563 testimonio
1840 4502 2235 4581 presencium
2265 4503 2583 4563 literarum
2614 4512 2967 4563 nostrarum
3002 4503 3287 4579 redemp-

726 4608 964 4671 tarum⁸
1010 4610 1340 4671 mediante.
1387 4611 1617 4671 Datum
1663 4610 1993 4691 Zagrabie,
2040 4610 2197 4671 feria
2224 4612 2503 4671 secunda
2531 4610 2811 4689 proxima
2860 4618 3002 4688 post
3046 4610 3274 4669 festum

727 4718 926 4779 sancti
972 4718 1261 4799 Gregorii
1308 4736 1487 4796 pape,
1537 4736 1700 4777 anno
1747 4718 1981 4777 domini
2038 4717 2362 4779 millesimo
2421 4712 2699 4777 CCCC0.
2748 4716 3283 4796 quinquagesimo,
