3917 5592
814 419 936 503 170

802 659 1078 737 Myxych
1127 678 1201 719 ac
1247 660 1394 719 Wlk
1457 659 1651 721 filium
1716 658 1993 724 Ladislai
2039 672 2102 724 et
2148 644 2526 745 Gregorium
2588 648 3082 745 Zthanylowycb
3132 666 3195 727 in
3250 648 3358 727 do-

802 768 1061 827 minium
1106 776 1386 846 pretacte
1433 768 1640 829 totalis
1688 778 1751 830 et
1797 771 2041 851 integre
2088 772 2507 850 possessionis
2554 773 2812 834 Inferior
2858 776 3253 849 kaawech,
3303 783 3364 835 et

805 883 1168 934 cunctarum
1216 875 1740 952 pertinenciarum
1787 897 2044 939 suarum
2092 899 2335 939 necnon
2384 880 2535 939 iuris
2566 881 2737 961 regii.
2772 882 2833 941 in
2882 884 3107 943 eadem
3152 882 3363 956 habiti,

803 982 1246 1061 statuissetque
1296 984 1560 1045 eandem
1609 994 1672 1044 et
1716 984 1882 1046 idem
1931 986 2168 1046 eisdem
2216 987 2616 1067 ipsorumque
2662 990 2999 1049 heredibus
3048 998 3110 1049 et
3156 998 3362 1069 poste·

805 1090 1088 1149 ritatibus
1136 1090 1456 1169 utriusque
1505 1110 1693 1151 sexus
1741 1093 2067 1169 universiS‚
2117 1094 2298 1154 simul
2346 1114 2488 1156 cum
2536 1096 2774 1156 cunctis
2827 1098 2955 1156 suis
3004 1096 3367 1157 utilitatibus·

805 1206 867 1256 et
913 1184 1309 1275 pertinenciis
1339 1199 1733 1278 quibuslibet,
1779 1202 2083 1280 premisse
2116 1222 2279 1263 nove
2328 1204 2693 1265 donacionis
2726 1213 2787 1265 et
2809 1204 2963 1265 ‘dicti
3014 1205 3161 1265 iuris
3210 1204 3365 1285 regii

804 1305 993 1365 titulis
1057 1305 1207 1383 ipsis
1257 1306 1755 1368 incumbentibus
1823 1319 2127 1388 perpetuo
2176 1320 2239 1371 et
2302 1311 2366 1371 in
2415 1331 2633 1372 evum·
2668 1313 3129 1392 possidendam,
3200 1314 3366 1372 nullo

805 1414 1051 1491 penitus
1099 1415 1554 1475 contradictore
1616 1415 1765 1475 inibi
1813 1426 2173 1496 apparente,
2222 1419 2515 1497 predictis
2578 1420 2753 1501 regio
2802 1429 2865 1481 et
2908 1429 3123 1480 nostro
3170 1420 3363 1479 homi-

804 1522 989 1581 nibus
1061 1522 1354 1602 legitimis
1424 1523 1662 1598 diebuS,
1738 1524 1909 1585 iuxta
1981 1526 2159 1606 regni
2230 1528 2745 1587 consuetudinem
2824 1528 3055 1589 ibidem
3124 1546 3361 1588 moram

803 1628 1189 1689 facientibus.
1238 1631 1307 1689 In
1340 1630 1516 1690 cuius
1553 1630 1640 1691 rei
1675 1632 2043 1692 memoriam
2090 1633 2571 1712 firmitatemque
2604 1642 2989 1714 perpetuam,
3037 1642 3363 1713 presentes

804 1737 1039 1796 litteras
1067 1745 1314 1798 nostras
1362 1740 1786 1800 concessimus
1820 1740 2004 1820 sigilli
2051 1742 2245 1800 nostri
2275 1742 2605 1819 pendentis
2645 1741 2983 1803 munimine
3019 1744 3361 1803 roboratas,

806 1844 1034 1903 Datum
1065 1845 1279 1924 quinto
1311 1846 1553 1906 decimo
1600 1846 1700 1906 die
1733 1846 1855 1906 diei
1902 1846 2385 1908 introduccionis
2419 1858 2481 1909 et
2513 1850 2877 1909 statucionis
2924 1850 3363 1929 predictarum,

806 1970 968 2011 anno
1015 1952 1245 2012 domini
1292 1952 1616 2013 millesimo
1664 1953 2281 2035 quadringentesimo
2330 1956 2699 2017 duodecimo
2748 1957 3122 2036 supradict0.
3212 1986 3219 1995 ·

1017 2093 1058 2145 E
1083 2096 1438 2161 transumpto
1464 2092 1694 2147 authen.
1731 2090 2125 2163 christophori
2152 2094 2388 2164 Vngnad
2414 2095 2637 2151 comitis
2672 2096 3103 2152 Varasdinensis
3132 2082 3367 2175 saslb'ssa

807 2183 866 2235 in
905 2182 1139 2236 archivo
1179 2196 1463 2235 commun.
1519 2182 1648 2235 nob.
1689 2181 1759 2235 de
1798 2182 2121 2253 Turopolje.
2198 2186 2401 2240 Extant
2438 2186 2609 2241 etiam
2655 2186 3172 2242 confirmationales
3198 2186 3369 2255 'regis

805 2270 1090 2340 Rudolphi
1127 2272 1192 2325 11.
1248 2286 1300 2327 a.
1342 2269 1496 2325 1582.
1554 2286 1657 2339 pro
1695 2274 1855 2340 parte
1910 2272 2187 2332 nobilium
2228 2274 2437 2329 Mathei
2494 2275 2699 2331 literati
2762 2276 3115 2345 Zalathnoky
3157 2276 3225 2330 de
3262 2276 3365 2329 Za-

805 2360 1040 2415 lathnok
1077 2376 1144 2413 ac
1183 2358 1470 2414 Benedicti
1509 2359 1797 2427 quondam
1837 2360 2068 2417 Ioannis
2105 2379 2333 2417 necnon·
2388 2364 2662 2433 Stephani
2701 2366 2757 2419 et
2794 2357 3046 2420 Simonis
3085 2364 3222 2437 olim
3263 2363 3367 2417 Ge-

804 2450 944 2519 orgii
983 2449 1225 2519 Myxych
1265 2449 1334 2503 de
1371 2447 1628 2503 Inferiori
1655 2448 1979 2503 kaawecz
2018 2467 2085 2505 ac
2122 2452 2406 2507 Francisci
2431 2458 2488 2509 et
2514 2453 2764 2523 Gregorii
2792 2454 3076 2523 qnondam
3122 2450 3364 2508 'Ioannis

803 2539 1232 2608 Ztham'lowych
1272 2538 1341 2592 de
1379 2539 1578 2593 eadem
1636 2540 1800 2595 Infer.
1837 2540 2133 2596 Lukauecz
2188 2540 2433 2597 filiorum
2473 2546 2529 2597 et
2566 2542 2734 2598 Marci
2793 2544 3241 2615 Zthanylowych
3297 2544 3367 2597 de

803 2629 953 2684 dicta
991 2630 1088 2684 Inf.
1127 2629 1466 2684 kaawecz.
1508 2629 1685 2700 Copia
1721 2631 1930 2685 saeculi
1974 2630 2134 2686 XVII.
2164 2632 2307 2686 lecta
2346 2637 2400 2686 et
2438 2637 2689 2688 correcta
2724 2648 2826 2703 per
2863 2634 3145 2689 Andream
3184 2631 3365 2688 Ched-

802 2720 1084 2774 nekouich
1150 2719 1312 2775 iurat.
1350 2723 1530 2774 notar.
1589 2719 1784 2790 Campi
1824 2720 2233 2789 Zagrabiensis.
2294 2724 2355 2777 In
2394 2722 2535 2778 cista
2590 2740 2872 2779 commun.
2912 2725 3045 2779 nob.
3095 2725 3165 2778 de
3204 2723 3365 2785 infer,

804 2808 1082 2865 Lukavee.

1992 3095 2197 3167 178.

927 3353 930 3357 .
1013 3292 1200 3355 Anno
1256 3290 1442 3358 1412.
1501 3292 1594 3357 ll.
1643 3296 1931 3358 octobris,

805 3486 1210 3571 Capitulum
1277 3491 1598 3557 ecclesiae
1657 3490 2171 3576 Zagrabiensis‚
2218 3492 2463 3559 literas
2506 3510 2676 3557 suas
2736 3514 2798 3559 a.
2844 3492 3026 3575 1276.
3100 3506 3191 3573 19.
3238 3514 3357 3559 no-

1102 3597 1406 3663 vembris
1450 3602 1663 3683 super
1705 3601 1895 3663 terra
1941 3596 2194 3664 Ebrees
2236 3604 2614 3677 emanatas,
2662 3602 3065 3667 transumit.

1017 3760 1150 3822 Nos
1213 3761 1550 3841 capitulum
1612 3762 1877 3824 ecclesie
1934 3762 2381 3845 Zagrabiensis
2450 3764 2878 3844 significamus
2940 3774 3156 3827 tenore
3219 3786 3357 3844 pre-

801 3868 1080 3929 sencium
1126 3869 1353 3949 quibus
1415 3871 1667 3950 expedit
1712 3869 2039 3946 universiS,
2097 3871 2267 3950 quod
2312 3871 2641 3932 Ladislaus
2702 3873 2863 3933 filius
2911 3873 3222 3934 Valentini
3278 3874 3355 3933 de

800 3972 1196 4055 Lumnycha¹
1245 3978 1328 4037 ad
1373 3986 1652 4038 nostram
1699 3978 2112 4056 personaliter
2158 3978 2467 4039 accedens
2513 3980 2921 4057 presenciam,
2976 3980 3359 4059 presentavit

797 4084 977 4144 nobis
1023 4084 1262 4145 litteras
1308 4084 1690 4146 serenissimi
1735 4084 2031 4164 principis
2094 4085 2328 4145 domini
2373 4085 2760 4166 Sigismundi
2825 4087 2926 4147 dei
2972 4088 3190 4167 gracia
3235 4088 3355 4147 Ro-

797 4213 1124 4255 manorum
1171 4193 1340 4273 regis
1388 4212 1638 4273 semper
1683 4193 1956 4273 Augusti
2005 4212 2081 4254 ac
2126 4193 2454 4274 Hungarie
2501 4203 2616 4255 etc.
2664 4194 2850 4274 regiS,
2882 4194 3117 4256 domini
3163 4194 3356 4255 nostri

799 4301 1119 4376 naturaIiS,
1166 4301 1611 4379 preceptoriaS‚
1660 4321 1775 4361 suo
1823 4300 2043 4377 maiori
2090 4300 2312 4383 sigillo,
2360 4320 2484 4381 quo
2532 4308 2601 4361 ut
2644 4321 2752 4362 rex
2799 4301 3125 4383 Hungarie
3172 4302 3360 4363 utitur

798 4408 1218 4488 consignatas,
1265 4407 1445 4469 nobis
1480 4408 1809 4489 loquentes
1857 4417 1920 4469 et
1967 4408 2254 4483 directaS,
2304 4408 2367 4469 in
2400 4409 2625 4487 quibus
2673 4428 2789 4469 sua
2834 4409 3133 4470 maiestas
3178 4408 3357 4469 nobis

795 4516 1195 4595 precipiendo
1244 4516 1601 4590 mandabat,
1660 4524 1766 4590 ut,
1811 4516 1958 4596 quia
2006 4516 2277 4596 quedam
2342 4516 2629 4577 litteralia
2692 4516 3103 4577 instrumenta
3163 4515 3358 4596 ipsius

796 4622 1086 4699 Ladislai,
1119 4622 1354 4684 sactum
1399 4623 1870 4702 possessionum
1917 4624 2344 4703 Thapolouch‚
2392 4623 2631 4685 Ebrees
2680 4632 2739 4684 et
2788 4624 3123 4685 Odraelwe
3171 4642 3355 4695 voca-

798 4742 1000 4791 tarum
1061 4732 1416 4813 tangencia,
1463 4732 1578 4792 sub
1641 4732 1832 4811 priori
1877 4741 2091 4793 nostro
2154 4732 2357 4812 sigillo
2405 4742 2713 4807 emanata,
2761 4732 3177 4794 renovacione
3224 4734 3358 4811 plu-

797 4840 1021 4899 rimum
1063 4839 1429 4920 indigerent,
1476 4840 1637 4915 ideo,
1685 4839 1737 4899 si
1770 4841 1995 4900 eadem
2043 4838 2330 4900 litteralia
2364 4839 2773 4899 instrumenta
2820 4840 2879 4900 in
2914 4840 3133 4920 sigillo,
3167 4840 3359 4920 scrip-

795 4956 951 5022 tura,
1001 4948 1140 5008 stilo
1187 4957 1250 5008 et
1296 4956 1470 5007 carta
1519 4955 1732 5007 nostra
1778 4947 1911 5007 fore
1961 4954 2023 5007 et
2068 4945 2231 5005 iusto
2278 4947 2466 5007 modo
2508 4954 2799 5007 emanata
2849 4965 3355 5025 agnosceremuS‚
