3917 5592
2998 466 3127 529 323

581 688 832 747 domine
877 686 1240 760 Scolastice,
1289 687 1513 746 eadem
1560 686 1812 745 domina
1858 686 2205 745 Scolastica
2251 686 2395 745 dum
2447 684 2507 744 in
2541 684 2657 744 hoc
2688 685 2899 743 seculo
2931 684 3134 742 adhuc

571 792 992 872 temporaliter
1035 792 1310 865 vixisset,
1373 790 1616 871 prefato
1679 792 2021 852 Benedicto
2084 792 2401 870 Krupych‚
2467 809 2580 869 pro
2627 798 2776 850 tunc
2820 790 2955 850 viro
3019 808 3132 849 suo

579 899 901 979 legittime,
949 917 1064 979 pro
1097 898 1428 978 sexaginta
1472 899 1724 959 florenis
1754 898 1906 973 auri,
1939 900 2019 959 ab
2052 899 2277 958 eodem
2306 897 2647 957 Benedicto
2688 898 2983 975 Krupych
3021 916 3132 974 pro

573 1017 722 1068 tunc
769 1007 903 1067 viro
951 1027 1064 1067 suo
1112 1007 1434 1087 legittimo,
1481 1013 1550 1066 ut
1579 1006 1891 1085 prefertur
1915 1026 2033 1084 per
2059 1007 2325 1067 eandem
2360 1006 2675 1066 dominam
2722 1004 3132 1065 Scolasticam

575 1116 778 1175 adhuc
825 1115 888 1173 in
934 1116 1055 1175 hoc
1102 1115 1312 1175 seculo
1359 1113 1799 1193 temporaliter,
1865 1121 1931 1173 ut
1976 1112 2328 1193 predicitur,
2380 1112 2711 1187 viventem,
2766 1113 2948 1191 plene
2995 1130 3132 1190 per-

575 1221 771 1301 ceptis
819 1229 882 1281 et
925 1221 1152 1282 habitis
1199 1221 1728 1301 inpignoraverat,
1778 1220 2143 1300 eisdemque
2190 1220 2473 1299 Philippo
2521 1227 2583 1279 et
2615 1221 2834 1279 Marco
2868 1219 3133 1278 eandem

527 1354 532 1357 ·
574 1338 862 1409 quartam
923 1330 1257 1408 puellarem
1323 1349 1438 1389 seu
1503 1329 1674 1408 ipsas
1740 1328 2139 1407 quartalicias
2199 1328 2632 1407 possessiones
2696 1336 2757 1387 et
2809 1326 3136 1406 porciones

573 1437 1101 1517 possessionarias
1149 1438 1227 1496 ab
1272 1438 1410 1515 ipso
1456 1436 1797 1497 Benedicto
1852 1437 2171 1514 Krupych,
2220 1435 2455 1496 sororio
2504 1436 2777 1513 ipsorum
2836 1454 2949 1513 pro
2998 1454 3136 1513 pre-

573 1545 717 1605 fatis
765 1544 1098 1624 sexaginta
1140 1544 1393 1604 florenis
1451 1544 1600 1615 auri,
1671 1563 1813 1604 cum
1860 1562 1985 1621 quo
2033 1542 2337 1602 redimere
2398 1562 2524 1602 non
2588 1542 2977 1615 habentibuS,
3025 1542 3137 1601 sed

577 1653 782 1712 adhuc
827 1651 1086 1730 insuper
1131 1651 1250 1730 ipsi
1295 1652 1616 1731 Philippus
1667 1658 1729 1711 et
1759 1652 2017 1711 Marcus
2052 1651 2130 1709 ab
2165 1650 2387 1709 eodem
2434 1651 2775 1710 Benedicto
2822 1650 3137 1728 Krupych,

574 1759 811 1819 sororio
860 1778 1098 1834 eorum,
1143 1777 1336 1837 supra
1381 1758 1552 1838 ipsos
1585 1758 1918 1839 sexaginta
1964 1758 2236 1819 florenos
2274 1758 2422 1831 auri,
2456 1758 2727 1835 quinque
2777 1758 2980 1817 adhuc
3026 1758 3135 1817 flo-

574 1886 758 1927 renos
807 1866 941 1926 auri
987 1867 1168 1946 plene
1214 1866 1652 1946 percipienteS,
1703 1868 1973 1926 eandem
2019 1872 2307 1945 quartam
2354 1866 2695 1943 puellarem
2737 1886 2849 1925 seu
2882 1865 3137 1924 easdem

576 1974 976 2053 quartalicias
1022 1974 1455 2054 possessiones
1489 1982 1552 2034 et
1581 1974 1910 2053 porciones
1957 1973 2455 2053 possesionarias
2502 1972 2945 2050 infrascripta8‚
2994 1990 3135 2029 cum

580 2084 868 2144 omnibus
932 2068 1148 2143 earum
1212 2082 1592 2157 utilitatibus,
1662 2082 1914 2157 iuribuS,
1984 2082 2200 2142 usibus
2263 2089 2326 2141 et
2384 2080 2781 2159 pertinenciis
2836 2078 3141 2140 universis

583 2191 790 2252 eidem
836 2191 1178 2252 Benedicto
1225 2191 1543 2271 Krupych,
1591 2190 1828 2251 sororio
1876 2192 2170 2270 ipsorum,
2218 2209 2294 2250 ac
2326 2208 2439 2268 per
2470 2208 2615 2249 eum
2648 2188 2776 2247 suis
2807 2188 3141 2248 heredibus

579 2320 693 2379 pro
740 2299 998 2381 prefatis
1060 2300 1390 2379 sexaginta
1437 2298 1710 2378 quinque
1771 2298 2025 2359 florenis
2072 2298 2223 2373 auri,
2292 2316 2407 2377 per
2468 2298 2639 2377 ipsos
2698 2296 2988 2356 videlicet
3034 2297 3140 2356 do-

575 2409 808 2468 minam
855 2407 1266 2467 Scolasticam
1315 2414 1376 2465 et
1420 2405 1774 2485 Philippum
1823 2425 1898 2465 ac
1944 2405 2232 2465 Marcum
2280 2405 2360 2465 ab
2405 2404 2545 2485 ipso
2585 2404 2925 2465 Benedicto
2980 2404 3139 2463 Kru-

577 2516 745 2595 pych
789 2516 978 2575 modo
1026 2513 1334 2594 premisso
1380 2514 1562 2592 plene
1608 2513 1920 2592 perceptis
1968 2512 2413 2587 vendidissent,
2459 2532 2671 2589 ymmo
2720 2532 2793 2572 ex
2830 2531 3141 2572 consensu

576 2622 1010 2681 universorum
1077 2620 1336 2681 fratrum
1384 2628 1446 2681 et
1493 2619 2123 2700 consangwineorum
2185 2639 2401 2680 eorum
2465 2620 2878 2681 vendiderunt
2933 2638 3147 2679 coram

577 2729 758 2812 nobis
825 2730 958 2789 iure
1019 2735 1322 2806 perpetuo
1372 2737 1434 2788 et
1494 2728 1982 2788 irrevocabiliter
2040 2726 2485 2805 possidendam
2548 2735 2611 2787 et
2654 2727 3028 2800 habendam,
3085 2735 3148 2786 et

578 2837 1143 2916 quomodocunque
1209 2834 1473 2896 volverit
1533 2836 1706 2895 iuxta
1767 2835 1947 2916 regni
1982 2835 2493 2895 consvetudinem
2541 2835 3011 2913 disponendam,
3083 2841 3146 2893 et

579 2965 722 3005 cum
771 2946 1025 3005 tandem
1073 2964 1189 3003 nos
1238 2945 1319 3003 ad
1366 2944 1701 3003 instantem
1749 2942 2124 3021 peticionem
2188 2942 2383 3022 ipsius
2443 2942 2765 3002 Benedicti
2826 2941 3142 3021 Krupych,

579 3054 820 3114 nobiles
868 3053 1036 3112 viros
1085 3052 1362 3111 Blasium
1426 3051 1621 3111 filiurn
1682 3051 1942 3127 Mathye
1992 3053 2070 3111 de
2117 3050 2399 3129 predicta
2451 3050 2687 3125 Mlaka‚
2737 3069 2811 3110 ac
2856 3050 3143 3109 Marcum

578 3162 773 3220 filium
821 3160 1068 3221 Iohanis
1116 3161 1195 3220 de
1243 3160 1618 3234 Werbanec,
1669 3169 1732 3219 et
1776 3160 2118 3220 Martinum
2166 3158 2359 3219 filium
2406 3160 2673 3219 condam
2699 3159 2997 3219 Anthonii
3042 3180 3143 3219 su-

576 3267 724 3347 pani
757 3268 836 3326 de
869 3268 1075 3340 PlezO,
1115 3286 1186 3327 ae
1219 3267 1606 3346 Stephanum
1647 3268 1840 3327 filium
1873 3266 2163 3326 Iohannis
2201 3266 2348 3327 dicti
2378 3267 2724 3343 Lectorych
2758 3267 2837 3326 de
2869 3266 3145 3347 Interiori

578 3376 998 3452 Lompnycza,
1066 3374 1434 3453 iobagiones
1481 3374 1772 3433 videlicet
1816 3381 2064 3433 nostros
2112 3374 2484 3454 fidedignOS,
2535 3374 2613 3433 de
2668 3373 2947 3451 predicta
2994 3374 3145 3434 sede

579 3490 796 3541 nostra
862 3480 1202 3555 iudiciaria,
1272 3481 1492 3540 eadem
1558 3472 1714 3541 feria
1787 3482 2066 3541 secunda
2130 3481 2504 3559 supradicta,
2554 3483 2634 3541 ad
2689 3481 3146 3559 infrascriptam

581 3588 861 3649 eiusdem
908 3595 1130 3666 quarte
1200 3587 1492 3665 puellaris
1539 3607 1651 3647 seu
1699 3588 1977 3665 ipsarum
2024 3588 2527 3665 quartaliciarum
2582 3589 3049 3667 possessionum
3084 3595 3147 3648 et

578 3692 942 3776 porcionum
1015 3694 1652 3773 possessionariarum
1701 3694 2114 3755 statucionem
2175 3694 2526 3755 faciendam
2592 3696 2893 3775 legittime
2958 3696 3143 3755 desti-

579 3822 932 3877 nassemuS,
979 3803 1236 3862 tandem
1283 3802 1400 3880 ipsi
1433 3801 1802 3881 iobagiones
1835 3802 2031 3860 nostri
2061 3801 2363 3881 fidedigni
2396 3802 2458 3861 in
2491 3803 2821 3881 quindenis
2866 3802 3145 3881 predicte

581 3911 736 3971 ferie
785 3911 1064 3971 secunde
1112 3929 1327 3970 rursus
1375 3910 1438 3969 in
1485 3910 1701 3969 sedem
1749 3916 2027 3968 nostram
2074 3907 2461 3969 iudiciariam
2510 3912 2589 3970 ad
2638 3930 2751 3969 nos
2794 3910 3016 3969 exinde
3049 3929 3142 3969 re-

580 4018 747 4078 versi
808 4026 870 4078 et
915 4037 1030 4097 per
1090 4036 1205 4077 nos
1254 4017 1584 4096 diligenter
1644 4016 1939 4094 requisiti,
2003 4016 2183 4075 nobis
2232 4036 2307 4076 eo
2357 4019 2543 4077 modo
2606 4018 2948 4077 retulerunt
2998 4036 3141 4077 con-

582 4125 853 4185 corditer
900 4133 962 4185 et
994 4124 1328 4205 fidedigne,
1381 4131 1449 4182 ut
1479 4123 1598 4201 ipsi
1625 4123 1688 4181 in
1720 4122 1880 4183 festo
1913 4123 2082 4184 beati
2113 4124 2321 4203 Egidii
2354 4124 2614 4199 abbatis,
2660 4144 2827 4184 nunc
2868 4123 3147 4183 similiter

580 4232 861 4312 proxime
910 4232 1224 4311 preteritO,
1274 4239 1335 4291 et
1382 4230 1517 4290 aliis
1567 4230 1788 4291 diebus
1822 4231 1902 4290 ad
1933 4231 1997 4290 id
2031 4231 2191 4309 aptis
2238 4239 2303 4291 et
2337 4230 2806 4307 sufficientibuS,
2837 4232 2919 4291 ad
2948 4231 3145 4291 facies

582 4340 858 4418 predicte
906 4346 1124 4418 quarte
1173 4337 1466 4417 puellaris
1514 4358 1628 4398 seu
1675 4338 1951 4417 ipsarum
1999 4338 2506 4416 quartaliciarum
2565 4338 3035 4418 possessionum
3085 4344 3148 4397 et

580 4448 944 4526 porcionum
1013 4445 1646 4525 possessionariarum
1717 4445 1914 4524 ipsius
1975 4445 2297 4505 Benedicti
2358 4446 2676 4524 Krupych,
2739 4446 2802 4506 in
2868 4446 3147 4526 predicta

581 4555 798 4614 Mlaka
845 4562 907 4613 et
955 4554 1088 4614 eius
1135 4553 1441 4613 territorio
1493 4573 1567 4613 ac
1612 4553 2011 4633 pertinenciis
2056 4553 2267 4613 habite
2310 4572 2423 4613 seu
2456 4552 2881 4625 existendum,
2930 4552 3147 4612 vicinis

583 4668 647 4721 et
693 4660 1142 4720 commetaneis
1189 4660 1384 4739 ipsius
1432 4680 1545 4720 seu
1595 4680 1812 4721 earum
1859 4660 2165 4721 universis
2227 4660 2376 4719 inibi
2438 4660 2737 4740 legittime
2786 4659 3145 4719 convocatis

583 4776 646 4828 et
691 4767 1084 4847 presentibus
1121 4776 1538 4841 accesserunt,
1588 4776 1651 4828 et
1680 4767 1881 4846 primo
1914 4768 2230 4845 quandam
2262 4768 2516 4827 totalem
2560 4767 2905 4827 sessionem
2950 4765 3144 4844 ipsius

584 4874 852 4934 condam
904 4874 1180 4955 Georgii,
1233 4874 1426 4952 patris
1475 4875 1637 4935 dicte
1687 4875 1935 4935 domine
1983 4874 2323 4934 Scolastice
2372 4875 2434 4934 in
2482 4875 2648 4933 dicta
2695 4875 2924 4947 Mlaka,
2986 4873 3144 4933 inter

581 4990 812 5041 terram
861 4981 1270 5041 sessionalem
1313 4982 1614 5043 arabilem
1662 4983 1961 5041 heredum
1996 4982 2263 5041 condam
2288 4982 2490 5041 Marci
2522 4982 2745 5059 supani
2778 4982 2857 5041 ab
2889 4982 3143 5053 oriente,
