3917 5592
3037 474 3158 556 183

600 698 801 787 nicha,
860 700 1163 772 consortis
1230 700 1407 772 Pauli
1474 700 1704 791 magni,
1770 706 1877 771 filii
1940 702 2200 785 Nicolai,
2249 709 2490 771 comitis
2537 710 2821 771 moderni
2869 711 3154 771 eiusdem

597 818 839 897 Campi,
886 819 1125 879 nobiles
1172 817 1341 878 viros
1388 818 1735 879 Adrianum
1780 818 1976 878 ‘filium
2037 818 2328 878 Iohannis
2378 819 2456 879 de
2503 819 2798 895 Rakarya
2845 826 2906 877 et
2953 819 3154 878 Bene-

528 982 539 994 ,
597 927 827 988 dictum
873 927 1063 988 filium
1109 926 1351 987 Nicolai
1398 927 1477 987 de
1528 927 1712 986 Felso
1760 927 2186 1005 Lompnycha,
2235 926 2604 1007 iobagiones
2651 926 3020 1006 fidedignos,
3071 928 3152 985 ad

596 1033 1019 1112 infrascriptas
1064 1033 1625 1113 possessionariam
1672 1033 2204 1094 introduccionem
2252 1042 2316 1095 et
2369 1034 2783 1094 statucionem
2827 1033 3150 1094 iaciendas

597 1142 675 1201 de
740 1141 891 1201 sede
956 1139 1276 1202 iudiciaria
1341 1140 1616 1221 legitime
1680 1140 2192 1215 destinassemuS,
2254 1142 2511 1202 tandem
2564 1140 2754 1203 iidem
2802 1140 3026 1200 exinde
3075 1124 3157 1200 ad

594 1267 710 1309 nos
756 1248 991 1309 reversi
1037 1248 1217 1309 nobis
1284 1249 1674 1309 concorditer
1721 1248 2079 1323 retulerunt,
2126 1254 2196 1307 ut
2239 1247 2359 1327 ipsi
2404 1246 2560 1309 feria
2605 1255 2830 1327 quarta
2875 1247 3158 1327 proxima

594 1363 734 1434 post
794 1354 1021 1415 festum
1087 1354 1428 1415 nativitatis
1496 1354 1665 1416 beati
1729 1355 2022 1416 Iohannis
2090 1354 2379 1434 baptiste,
2465 1374 2631 1416 nunc
2701 1356 3001 1434 elapsum,
3077 1354 3156 1415 ad

590 1462 816 1531 faciem
862 1462 1189 1524 cuiusdam
1243 1462 1557 1542 porcionis
1620 1462 2117 1542 possessionarie
2164 1462 2478 1525 Valentini
2540 1472 2603 1523 et
2648 1462 2838 1525 Blasii
2885 1462 3154 1523 filiorum

590 1569 767 1629 Pauli
812 1568 920 1629 filii
967 1570 1241 1643 Poznan,
1291 1589 1330 1629 a
1376 1570 1559 1629 metis
1606 1569 1919 1631 Inferioris
1953 1570 2362 1649 Lompnycha
2392 1588 2592 1649 usque
2619 1578 2854 1632 terram
2885 1570 3152 1631 filiorum

592 1677 1035 1755 Peruoseuych
1082 1696 1152 1739 se
1200 1677 1609 1753 extendentis,
1654 1677 1875 1738 vicinis
1924 1685 1988 1737 et
2033 1678 2483 1739 commetaneis
2532 1678 2814 1741 eiusdem
2845 1678 3156 1739 universis

592 1784 741 1845 inibi
787 1784 1063 1866 legitime
1111 1784 1473 1847 convocatis
1520 1785 1953 1861 accessissent,
2023 1794 2085 1846 et
2131 1787 2398 1848 eandem
2445 1785 2803 1865 porcionem
2849 1786 3152 1866 possessi·

590 1892 871 1953 onariam
920 1893 998 1953 ab
1048 1893 1286 1954 eisdem
1334 1893 1551 1954 vicinis
1598 1901 1661 1955 et
1729 1894 2190 1955 commetaneis·
2228 1902 2290 1954 et
2337 1892 2416 1955 ab
2466 1894 2600 1954 aliis
2647 1894 2874 1974 quibus
2921 1896 3153 1956 decens

587 2007 649 2058 et
695 2008 1111 2079 opportunum
1159 2000 1395 2076 fuisset,
1464 2001 1669 2061 eidem
1715 2001 1966 2062 domine
2026 2000 2222 2062 Elene
2288 2020 2401 2080 per
2451 2002 2708 2061 eosdem
2755 2001 3154 2062 Valentinum

589 2116 651 2168 et
697 2107 976 2167 Blasium
1022 2108 1487 2189 inpignoratam
1547 2109 1681 2170 fore
1728 2109 2146 2183 rescivissent,
2211 2110 2324 2170 secl
2389 2128 2502 2186 pro
2549 2108 2798 2188 quantis
2845 2116 3016 2169 esset
3061 2110 3150 2169 in-

588 2215 923 2295 pignorata
1010 2216 1241 2276 rescire
1310 2216 1757 2297 nequivissent,
1828 2217 2098 2277 eandem
2163 2215 2526 2295 porcionem
2592 2216 3154 2295 possessionariam

584 2324 765 2384 simul
813 2343 955 2384 cum
1020 2323 1383 2387 utilitatibus
1446 2335 1509 2386 et
1570 2325 1970 2405 pertinenciis
2039 2324 2168 2385 suis
2215 2324 2539 2399 universis,
2589 2324 2790 2403 ipsam
2838 2324 3153 2385 dominam

583 2432 847 2492 Elenam
893 2432 981 2492 in·
1019 2432 1361 2493 dominium
1419 2432 1701 2494 eiusdem
1758 2433 2210 2494 introducendo
2272 2433 2636 2493 statuissent
2701 2451 2778 2493 eo
2823 2432 2974 2507 iure,
3021 2451 3148 2511 quo

585 2539 701 2600 sibi
764 2540 951 2600 modo
1017 2539 1417 2620 inpignorata
1476 2540 1817 2601 dinoscitur
1868 2540 2217 2619 pertinere,
2259 2540 2642 2614 tenendam,
2704 2538 3152 2618 possidendam

585 2647 819 2725 pariter
877 2656 939 2709 et
984 2647 1358 2723 habendam,
1418 2647 1665 2708 nemine
1726 2647 2184 2709 contradictore
2249 2646 2418 2707 inibi'
2463 2654 2822 2726 apparente,
2885 2654 2948 2707 et
3000 2646 3150 2726 quia

584 2754 701 2832 ipsi
749 2754 1117 2836 iobagiones
1164 2755 1323 2816 scire
1388 2754 1817 2834 nequivissent
1881 2773 1997 2833 pro
2045 2753 2292 2833 quantis
2337 2753 2499 2814 foret
2543 2753 2960 2834 inpignorata,
3004 2753 3150 2813 ideo

586 2862 1043 2938 commiserunt,
1092 2870 1160 2922 ut
1206 2862 1259 2922 si
1303 2862 1441 2941 ipsa
1489 2862 1741 2923 domina
1794 2870 2078 2941 tempore
2125 2860 2581 2939 redempcionis
2629 2858 2910 2921 eiusdem
2956 2859 3152 2920 literis

585 2970 1001 3031 mediantibus
1062 2971 1126 3032 id
1186 2971 1454 3050 probare
1519 2970 1819 3050 nequiret,
1886 2956 2003 3049 pro
2066 2978 2304 3049 quanta
2347 2969 2616 3047 pecunia
2660 2969 2821 3029 foret
2862 2968 3150 3049 inpigno-

587 3086 739 3153 rata,
786 3086 933 3138 tunc
997 3079 1221 3140 eadem
1280 3078 1534 3140 domina
1598 3078 1951 3157 assumpsit,
2014 3086 2082 3137 ut
2151 3077 2492 3156 quidquam
2541 3075 2724 3137 vicini
2772 3084 2834 3136 et
2879 3094 3150 3136 comme-

586 3184 753 3244 tanei
801 3184 995 3262 ipsius
1042 3186 1171 3245 sub'
1205 3186 1552 3246 iuramento
1600 3186 1879 3247 dicerent
1930 3192 1993 3244 et
2038 3191 2472 3259 atestarentur,
2504 3212 2506 3215 >
2533 3192 2774 3245 tantam
2819 3183 3150 3263 pecuniam

588 3292 931 3350 secundum
978 3292 1427 3353 atestacionem
1490 3293 1832 3353 eorundem
1880 3293 1959 3352 ab
2009 3292 2160 3371 ipsis
2205 3292 2626 3371 percipiendO,
2674 3291 2913 3351 eisdem
2961 3292 3147 3351 vellet

591 3398 905 3465 remittere
974 3407 1160 3478 atque
1224 3400 1564 3479 resignare.
1627 3401 1696 3459 In
1764 3399 1941 3460 cuius
2007 3400 2097 3459 rei
2143 3400 2583 3474 testimonium,
2630 3398 3024 3477 presentibus
3072 3398 3150 3458 si·-

591 3504 807 3585 gillum
870 3514 1151 3567 nostrum
1214 3508 1504 3568 duximus
1566 3508 2067 3587 appendendum.
2160 3507 2394 3567 Datum
2444 3506 2777 3587 Zagrabie,
2825 3514 3002 3567 sexto
3051 3505 3150 3565 die

590 3612 1074 3675 introduccionis
1138 3623 1201 3675 et
1261 3616 1625 3676 statucionis
1679 3615 2174 3694 possessionarie
2221 3616 2658 3693 predictarum,
2708 3634 2872 3676 anno
2921 3614 3152 3674 domini

486 3776 495 3787 ,
591 3721 919 3781 millesimo
966 3717 1247 3782 CCCC0.
1294 3722 1603 3801 vigesimo
1652 3724 1948 3784 secundo,

808 3844 1091 3914 Originale
1130 3845 1574 3899 membraneum.
1623 3845 1667 3899 A
1719 3846 1874 3914 tergo
1912 3830 2150 3915 apparet
2199 3844 2496 3913 vestigium
2537 3836 2791 3914 appi-essi
2831 3843 3014 3911 sigilli.
3091 3842 3150 3895 {n

588 3934 740 3989 arch.
778 3934 965 3989 accad.
1005 3934 1202 3989 scient.
1238 3934 1459 3990 Slavor.
1501 3933 1698 3989 mei-id.
1738 3934 2066 4003 Zagrabiae.

1455 4216 1463 4223 .
1774 4146 1984 4219 100.

806 4294 991 4355 Anno
1047 4292 1231 4356 1422.
1284 4292 1385 4356 22.
1436 4296 1704 4377 augusti.
1755 4296 2127 4399 Zagrabiae.

596 4434 861 4503 Paulus
926 4457 1229 4523 magnus
1290 4458 1513 4503 comes
1586 4436 1833 4523 Campi
1900 4436 2400 4523 Zagrahiensis
2462 4456 2544 4501 ac
2607 4432 2894 4500 Marcus
2943 4431 3154 4520 filius

594 4542 791 4608 Iwan
834 4564 1058 4609 comes
1102 4546 1458 4610 terrestris
1500 4545 1813 4613 eiusdem
1848 4544 2118 4629 Campi,
2147 4545 2655 4609 amonitionem
2683 4543 2766 4609 de
2783 4543 3151 4619 vendanda

586 4652 1021 4737 possessione
1066 4651 1296 4717 Iacobi
1330 4650 1486 4737 filii
1532 4652 1746 4718 Pauli
1791 4653 1967 4719 dicti
2014 4650 2309 4737 Pulyech
2355 4651 2437 4716 de
2499 4648 2636 4736 Ins.
2692 4650 3151 4737 Lompnycha‚

1677 4757 2062 4845 notificant.

808 4903 941 4965 Nos
986 4904 1221 4967 Paulus
1268 4924 1541 4987 magnus
1586 4925 1799 4968 comes
1845 4904 2073 4985 Campi
2118 4905 2564 4986 Zagrabiensis
2611 4913 2676 4966 et
2705 4906 2962 4966 Marcus
2989 4905 3152 4966 filius

592 5014 764 5073 Iwan
811 5032 1021 5075 comes
1068 5015 1376 5075 terrestris
1426 5016 1707 5077 eiusdem
1753 5013 1980 5094 Campi
2025 5014 2324 5075 memorie
2372 5015 2884 5075 commendantes
2936 5024 3154 5074 tenore
