3917 5592
820 443 906 505 94

818 660 897 719 ad
949 660 1215 721 eandem
1264 661 1343 719 de
1390 660 1525 720 iure
1574 668 1636 719 et
1683 659 1762 720 ab
1813 660 2068 738 antiquo
2110 659 2536 737 spectantibus
2571 668 2633 720 et
2663 660 3140 739 pertinentibu8,.
3163 662 3224 721 in
3258 682 3382 741 qua

818 767 1055 827 scilicet
1099 775 1269 826 terra
1316 786 1431 827 seu
1478 767 1879 845 possessione
1928 786 2101 827 nunc
2143 787 2219 827 ex
2267 768 2521 845 propria
2566 768 2844 846 ipsorum
2875 768 3061 842 Petri,
3091 769 3382 851 Gregorii

815 883 877 934 et
905 874 1179 935 Ladislai
1205 875 1656 953 procuracione
1690 874 1967 934 sedecim
2000 874 2318 935 sessiones
2351 875 2596 955 integre
2630 874 3100 935 dinoscerentur
3127 877 3380 951 habere,

814 982 877 1041 in
924 982 1149 1061 quibus
1200 983 1283 1043 ad
1328 1001 1591 1061 presens
1639 982 1893 1061 quidam
1924 981 2206 1043 Briccius
2239 982 2400 1042 filius
2432 984 2608 1043 Iwan
2639 984 2898 1063 Iegywd
2932 982 3094 1058 dicti,
3127 984 3381 1045 Marcus

814 1090 977 1151 filius
1026 1090 1310 1169 Philippi,
1357 1091 1835 1151 Bartholomeus
1884 1090 2048 1150 filius
2097 1089 2374 1164 Dionisii,
2408 1090 2726 1153 Fabianus
2757 1091 3213 1167 Malchewych,
3244 1092 3380 1151 Ste-

814 1200 1060 1277 phanus
1108 1198 1270 1258 filius
1320 1198 1575 1273 Mathie,
1623 1198 1921 1258 Nicolaus
1969 1198 2132 1258 filius
2181 1196 2426 1275 Quirini
2473 1217 2548 1257 ac
2594 1198 2869 1257 Mathias
2919 1208 2981 1259 et
3025 1200 3380 1278 Stephanus

814 1306 922 1367 filii
990 1305 1245 1367 Andree
1323 1306 1697 1383 Draserych,
1770 1306 1994 1366 Petrus
2061 1305 2224 1366 filius
2295 1305 2490 1379 Pauli,
2565 1306 2840 1366 Mathias
2901 1306 3065 1367 filius
3131 1307 3381 1367 alterius

820 1414 1015 1488 Pauli,
1072 1414 1430 1491 Stephanus
1492 1412 1655 1473 filius
1711 1413 1877 1473 Petri
1942 1412 2348 1489 Ladwssych,
2394 1413 2762 1473 Valentinus
2830 1413 2992 1473 filius
3061 1414 3383 1475 Benedicti

823 1522 1281 1599 Nychwarych‚
1329 1520 1619 1582 Andreas
1664 1522 1827 1583 filius
1875 1521 2022 1580 dicti
2067 1520 2372 1599 Stephani
2416 1521 2522 1581 filii
2568 1522 2753 1597 Petri,
2800 1522 3163 1582 Dominicus
3195 1523 3383 1582 frater

817 1630 965 1689 dicti
1011 1628 1288 1703 Fabiani,
1336 1630 1704 1689 Valentinus
1752 1630 1913 1689 filius
1964 1628 2220 1689 antefati
2281 1629 2506 1688 Briccii
2553 1648 2627 1689 ac
2673 1630 2906 1689 Paulus
2952 1630 3114 1708 filius
3161 1629 3384 1709 prefati

818 1714 1122 1816 Stephani
1162 1736 1271 1797 filii
1302 1737 1471 1797 Petri
1504 1745 1565 1797 et
1593 1736 1907 1797 Fabianus
1950 1736 2113 1796 filius
2155 1736 2412 1797 antefati
2435 1735 2679 1812 Quirini
2721 1738 2800 1796 ad
2849 1756 3111 1815 presens
3148 1737 3383 1797 faceret

815 1844 1197 1905 residencias
1244 1845 1625 1923 personales,
1674 1845 1912 1905 eisdem
1958 1844 2201 1904 Briccio
2269 1845 2395 1905 filio
2441 1845 2630 1919 Iwan,
2678 1845 2898 1904 Marco
2945 1845 3071 1905 filio
3118 1845 3381 1923 Philippi

820 1962 883 2014 et
932 1952 1065 2013 aliis
1115 1954 1486 2031 supradictis
1536 1973 1609 2013 ac
1642 1955 1919 2031 ipsorum
1950 1953 2288 2019 heredibus
2321 1960 2383 2012 et
2415 1952 2880 2031 posteritatibus
2914 1960 3102 2032 atque
3134 1972 3380 2013 succes-

822 2060 1069 2120 soribus
1103 2060 1425 2135 vniuersis,
1474 2061 1537 2119 in
1585 2062 1808 2121 eadem
1853 2080 2021 2119 nunc
2069 2068 2132 2120 et
2177 2061 2239 2119 in
2284 2060 2560 2120 futurum
2608 2058 3068 2120 commorandis
3117 2070 3178 2120 et
3209 2061 3381 2121 inha-

819 2169 1158 2229 bitantibus
1198 2169 1533 2243 dedissent,
1573 2169 1914 2229 donassent
1958 2178 2021 2228 et
2065 2167 2484 2243 contulissent,
2505 2168 2707 2227 immo
2741 2168 3062 2241 dederunt,
3108 2169 3381 2229 donaue-

820 2286 963 2339 runt
1010 2285 1070 2337 et
1118 2277 1511 2336 contulerunt
1557 2277 1750 2337 nostri
1797 2276 1862 2336 in
1906 2276 2235 2355 presencia
2281 2276 2413 2336 iure
2459 2283 2764 2355 perpetuo
2797 2283 2859 2335 et
2899 2275 3384 2335 irreuocabiliter

822 2405 935 2464 per
966 2385 1137 2463 ipsos
1172 2403 1246 2444 ac
1276 2385 1544 2445 heredes
1582 2393 1645 2445 et
1667 2360 2065 2463 posteritates
2093 2392 2280 2463 atque
2305 2401 2704 2443 successores
2729 2383 3006 2462 ipsorum
3034 2384 3385 2456 tenendam,

822 2478 1271 2573 possidendam
1340 2492 1573 2571 pariter
1642 2499 1704 2551 et
1772 2492 2130 2552 habendam
2192 2491 2300 2551 tali
2347 2492 2572 2550 modo:
2656 2491 2828 2570 quod
2869 2491 3070 2569 primo
3117 2491 3180 2551 in
3226 2490 3385 2551 facie

826 2602 1107 2662 eiusdem
1154 2609 1319 2661 terre
1366 2620 1477 2660 seu
1527 2598 1941 2678 possessionis
1990 2600 2696 2676 Malykozthanyewecz
2746 2599 2922 2659 aliter
2966 2599 3273 2676 Nowaky‚
3305 2599 3384 2658 de

822 2710 1099 2788 presenti
1146 2709 1423 2795 sedecim
1470 2709 1714 2788 integre
1762 2708 2078 2768 sessiones
2137 2708 2447 2767 habentur
2494 2707 2600 2781 sic,
2647 2708 2817 2786 quod
2863 2706 3122 2786 quilibet
3165 2726 3382 2785 supra-

822 2818 1129 2878 dictorum
1174 2817 1365 2877 habet
1411 2834 1601 2877 vnam
1651 2817 1961 2898 integram
2012 2817 2359 2876 sessionem
2405 2835 2520 2876 seu
2568 2814 2804 2875 curiam
2853 2815 3058 2894 equali
3091 2833 3383 2875 mensura

822 2924 901 2988 ab
952 2925 1075 2985 alia
1122 2924 1494 2999 distinctam,
1543 2945 1684 2985 cum
1732 2926 1913 2985 terris
1962 2924 2265 3003 equaliter
2311 2924 2646 3001 vnicuique
2694 2922 2960 2983 sessioni
2995 2922 3382 3001 apropriatiS,

817 3035 894 3093 de
943 3034 1166 3113 quibus
1214 3033 1598 3093 sessionibus
1646 3053 1759 3093 seu
1808 3034 1995 3094 curiis
2041 3033 2298 3112 quilibet
2345 3041 2407 3093 et
2455 3033 2737 3112 singulus
2785 3050 3003 3092 eorum
3043 3030 3382 3105 annuatim,

824 3141 991 3201 circa
1035 3141 1263 3201 festum
1313 3141 1716 3201 exaltacionis
1765 3149 1981 3201 sancte
2029 3141 2230 3201 crucis
2280 3142 2524 3202 soluere
2571 3148 2858 3200 teneatur
2889 3138 3145 3218 prefatis
3177 3139 3383 3211 Petro,

823 3248 1132 3328 Gregorio
1182 3258 1245 3309 et
1313 3249 1605 3309 Ladislao
1673 3269 1747 3310 ac
1810 3250 2074 3310 Nicolao
2121 3269 2364 3310 necnon
2425 3250 2761 3309 heredibus
2812 3258 2874 3310 et
2919 3248 3383 3328 posteritatibus

818 3356 1095 3433 ipsorum
1142 3376 1217 3415 ac
1265 3356 1399 3416 aliis
1447 3357 1713 3417 dominis
1762 3375 1980 3416 eorum
2027 3376 2140 3435 pro
2187 3364 2470 3435 tempore
2519 3356 2868 3417 constitutis
2918 3364 2979 3416 et
3010 3357 3074 3416 in
3105 3354 3380 3416 futurum

820 3463 1286 3538 constituendiS,
1357 3464 1721 3544 octuaginta
1790 3464 2187 3524 wiennenses
2256 3483 2370 3543 pro
2435 3472 2717 3543 tempore
2787 3472 3107 3543 currentes
3155 3470 3218 3523 et
3263 3462 3383 3521 tria

822 3591 1085 3632 munera
1132 3572 1193 3631 in
1243 3591 1425 3646 anno,
1474 3572 1743 3650 primum
1789 3572 1954 3632 circa
2000 3572 2230 3631 festum
2281 3571 2620 3631 natiuitatis
2677 3571 2936 3631 domini:
2971 3590 3162 3630 vnum
3195 3589 3381 3648 capo-

820 3698 967 3738 nem
1016 3688 1077 3738 et
1122 3699 1314 3739 vnum
1374 3679 1735 3755 salsucium‚
1804 3689 1866 3739 et
1913 3680 2019 3759 qui
2064 3680 2322 3739 habebit
2365 3698 2627 3757 porcum
2674 3679 3082 3758 bosychnyak
3130 3677 3382 3751 dictum,

820 3788 995 3848 dabit
1038 3807 1228 3848 vnam
1279 3796 1646 3865 assaturam,
1697 3796 1759 3847 et
1805 3788 2064 3867 quilibet
2110 3807 2327 3849 eorum
2375 3808 2567 3847 vnum
2617 3808 2909 3865 azymum
2954 3807 3200 3867 panem,
3235 3788 3380 3846 item

822 3896 988 3956 aliud
1036 3915 1262 3955 munus
1327 3897 1493 3956 circa
1554 3896 1785 3955 festum
1848 3896 2084 3974 pasche
2148 3895 2411 3955 domini:
2481 3914 2668 3956 vnam
2729 3896 3004 3975 galinam
3071 3914 3145 3955 ac
3193 3912 3385 3953 vnum

821 4023 1114 4081 azymum
1159 4023 1388 4083 panem
1453 4012 1518 4063 et
1579 4004 1909 4063 duodecim
1974 4023 2114 4078 oua,
2162 4004 2424 4063 tercium
2473 4022 2624 4063 vero
2672 4022 2896 4063 munus
2945 4002 3112 4062 circa
3155 4001 3385 4061 festum

822 4110 1273 4188 assumpcionis
1324 4110 1581 4190 virginis
1630 4111 1867 4170 Marie:
1917 4110 2208 4171 videlicet
2255 4130 2446 4170 vnum
2493 4112 2729 4189 pullum
2771 4110 3064 4170 iuuenem
3097 4117 3159 4169 et
3192 4128 3384 4168 vnum

822 4237 1115 4295 azymum
1174 4237 1420 4295 panem,
1482 4218 1632 4277 item
1667 4208 1801 4297 'qui
1864 4219 2123 4279 habebit
2184 4219 2404 4278 decem
2450 4237 2676 4295 porcos
2725 4225 2987 4296 excepto
3035 4236 3226 4295 porco
3273 4217 3382 4276 bo-

820 4326 1144 4402 sychnyak
1191 4324 1364 4384 dabit
1408 4344 1601 4384 vnum
1646 4344 1922 4403 porcum,
1972 4326 2076 4405 qui
2125 4309 2281 4385 vero*
2321 4325 2576 4385 habebit
2623 4324 2842 4405 viginti
2889 4324 3062 4384 dabit
3109 4324 3268 4383 duos
3317 4332 3380 4383 et

821 4433 912 4493 sic
958 4440 1441 4511 consequenter;
1489 4432 1595 4510 qui
1642 4452 1793 4493 vero
1840 4434 2002 4492 vltra
2048 4434 2288 4492 decem·
2333 4451 2558 4510 porcos
2607 4432 2707 4491 vel
2753 4430 2957 4491 minus
3006 4433 3228 4491 decem
3273 4431 3383 4489 ha-

820 4540 1003 4613 bebit,
1050 4539 1190 4598 talis
1238 4539 1315 4598 de
1364 4540 1609 4619 singulo
1657 4541 1861 4600 soluat
1906 4558 2168 4618 powsno
2215 4539 2610 4599 wiennenses
2658 4547 2802 4613 treS,
2837 4540 2916 4598 de
2947 4558 3139 4617 porco
3170 4548 3384 4598 autem

820 4648 1243 4724 bosychnyak,
1294 4648 1348 4707 si
1393 4648 1562 4708 solus
1608 4647 1795 4708 fuerit
1840 4667 1966 4707 non
2014 4649 2215 4707 soluet
2255 4666 2536 4726 powsnO,
2568 4647 2644 4707 de
2679 4646 2876 4707 vineis
2911 4655 3121 4707 autem
3151 4666 3386 4721 eorum,

820 4774 977 4834 quas
1045 4755 1107 4814 in
1177 4754 1483 4814 territorio
1547 4754 1709 4814 dicte
1779 4763 1943 4815 terre
2007 4774 2120 4813 seu
2187 4754 2605 4832 possessionis
2673 4754 3384 4831 Malykozthanyewecz

822 4862 998 4921 aliter
1042 4860 1333 4938 Nowaky
1381 4870 1603 4921 vocate
1663 4862 1786 4921 iarn
1834 4864 2239 4940 plantassent
2283 4862 2386 4922 vel
2433 4861 2638 4921 adhuc
2683 4860 2802 4939 ipsi
2857 4870 2965 4921 aut
3011 4862 3278 4922 heredes
3325 4874 3388 4922 et

818 4968 1215 5059 posteritates
1264 4978 1372 5032 aut
1418 4969 1619 5039 eciam
1668 4970 1769 5029 alii
1816 4970 2191 5061 quicumque
2241 4969 2519 5045 extranei
2569 4966 2857 5032 homines
2895 4970 3266 5060 plantabunt
3299 4971 3383 5041 vi·
