3917 5592
806 476 928 545 116

796 697 1042 777 orgium
1089 696 1354 771 nomine,
1404 698 1580 756 cuius
1627 717 1786 756 onus
1835 705 1897 755 et
1944 716 2293 776 grauamen
2342 696 2393 756 si
2440 698 2609 776 quod
2666 717 2963 775 processu
3012 708 3363 778 temporum

798 804 1051 865 euenire
1115 804 1508 883 contingeret
1572 822 1762 882 super
1809 823 1878 863 se
1944 804 2405 882 assumpsisset,
2478 804 2559 865 ad
2618 812 2899 865 nostram
2960 807 3367 884 personaliter

800 913 1110 972 accedens
1157 910 1568 990 presenciam,
1635 910 1786 971 dixit
1833 918 1896 969 et
1942 929 2157 970 coram
2202 910 2384 970 nobis
2432 920 2653 989 sponte
2702 920 2799 971 est
2845 912 3151 987 confessa,
3199 914 3368 991 quod

799 1020 939 1098 ipsa
983 1020 1301 1098 quandam
1347 1018 1717 1097 particulam
1763 1017 2327 1096 possessionariam
2374 1037 2553 1078 suam
2588 1027 2651 1078 et
2684 1018 2829 1079 dicti
2874 1020 2983 1080 filii
3030 1021 3125 1080 sui
3172 1040 3366 1099 penes

798 1126 1264 1206 possessionem
1313 1126 1518 1185 Domk
1565 1124 1672 1185 filii
1719 1125 1893 1184 Iwnk
1926 1144 2002 1184 ac
2032 1124 2295 1185 fratrum
2342 1144 2614 1201 suorum,
2646 1126 3023 1204 Korylowch
3074 1137 3363 1188 vocatam

800 1234 879 1294 ab
929 1253 1054 1293 vna
1099 1242 1293 1312 parte,
1359 1242 1423 1293 et
1470 1234 1548 1294 ab
1599 1232 1720 1293 alia
1785 1240 1962 1311 parte
2014 1231 2292 1293 similiter
2338 1252 2533 1311 penes
2595 1235 3061 1312 possessionem
3112 1235 3367 1295 Martini

799 1342 906 1401 filii
969 1342 1262 1401 Iohannis
1329 1340 1628 1401 nobilium
1676 1340 1754 1399 de
1804 1341 2030 1399 eodem
2078 1338 2325 1418 Campo
2390 1340 2684 1400 situatam
2732 1349 2795 1401 et
2842 1342 3231 1417 existentem,
3286 1343 3369 1403 ad

800 1449 1154 1528 quindecim
1202 1468 1530 1509 mensuras
1579 1447 1900 1527 wlgariter
1944 1455 2185 1507 wreten
2232 1456 2491 1507 vocatas
2540 1468 2609 1508 se
2658 1450 3114 1523 extendentem,
3163 1449 3367 1509 eidem

806 1557 1140 1633 Domkony
1211 1556 1338 1616 filio
1400 1556 1591 1629 Iwnk,
1641 1555 1789 1614 item
1837 1554 2110 1629 Chemk,
2180 1555 2331 1615 Wlk
2392 1564 2455 1615 et
2516 1556 2789 1616 Martino
2853 1557 2991 1616 filiis
3061 1556 3368 1631 Iohannis,

801 1658 1072 1723 Mathei¹
1121 1672 1184 1723 et
1229 1663 1457 1744 Egidio
1521 1663 1662 1723 filiis
1711 1662 1971 1737 Nicolai,
2034 1662 2297 1723 Nicolao
2344 1662 2469 1723 filio
2518 1662 2795 1743 Georgii,
2858 1664 3199 1724 Benedicto
3246 1664 3370 1723 filio

801 1772 969 1831 Petri
1017 1779 1079 1831 et
1124 1772 1318 1831 Iakou
1383 1772 1509 1831 filio
1569 1769 1862 1830 Iohannis
1909 1769 2070 1829 inter
2131 1769 2302 1848 ipsos
2351 1770 2433 1830 ad
2479 1778 2606 1830 tres
2668 1778 2880 1849 partes
2948 1770 3368 1843 diuidendarn,

803 1898 918 1957 pro
979 1877 1202 1957 viginti
1276 1878 1504 1939 marcis
1551 1876 1969 1951 denariorum,
2039 1877 2221 1955 plene
2284 1885 2352 1936 vt
2416 1878 2640 1937 eadem
2710 1878 2962 1937 domina
3023 1877 3230 1937 retulit
3290 1878 3369 1937 ab

801 1986 1038 2047 eisdem
1086 1986 1353 2064 receptis
1387 1986 1631 2059 habitis,
1681 2004 1824 2045 curn
1857 1984 2165 2045 vniuersis
2213 1984 2495 2045 eiusdem
2528 1985 2839 2063 porcionis
2871 1985 3369 2064 possessionarie

799 2094 1162 2155 vtilitatibus
1210 2102 1274 2154 et
1319 2094 1717 2172 pertinenciis
1767 2093 2167 2167 vendidisset,
2216 2093 2575 2153 tradidisset
2632 2103 2694 2153 et
2727 2094 3133 2173 assignasset,
3180 2093 3369 2152 immo

803 2202 1096 2277 vendidit,
1167 2203 1422 2263 tradidit
1468 2211 1531 2262 et
1577 2202 1928 2281 assignauit
1997 2220 2209 2260 coram
2274 2200 2453 2260 nobis
2523 2201 2859 2260 tenendam
2928 2208 3231 2279 perpetuo
3298 2220 3371 2260 ac

801 2310 1265 2388 possidendam.
1359 2311 1426 2369 In
1475 2310 1653 2369 cuius
1701 2308 1790 2369 rei
1839 2308 2206 2370 memoriam
2252 2308 2734 2387 firmitatemque
2783 2316 3167 2387 perpetuam,
3232 2327 3369 2386 pre-

802 2416 1081 2476 sentibus
1131 2416 1401 2495 sigillum
1453 2425 1735 2477 nostrum
1782 2417 2072 2477 duximus
2102 2416 2599 2494 appendendum.
2650 2416 2879 2475 Datum
2914 2416 3013 2475 die
3062 2415 3372 2475 dominico

805 2523 1085 2602 proximo
1133 2532 1276 2601 post
1319 2524 1550 2583 festum
1597 2523 1766 2583 beati
1813 2523 2014 2583 Marci
2063 2523 2488 2602 ewangeliste,
2546 2541 2710 2583 anno
2759 2522 2991 2583 domini
3041 2522 3371 2582 millesimo

807 2631 1238 2711 octuagesimo
1295 2624 1571 2692 octauo.²

1018 2770 1060 2822 E
1097 2772 1451 2840 transumpto
1489 2771 1636 2841 regis
1675 2771 1944 2826 Ludovici
1987 2786 2039 2825 a.
2078 2770 2235 2825 1520.
2275 2769 2358 2825 11.
2388 2771 2546 2839 iunii,
2587 2772 2737 2841 quod
2776 2772 2963 2825 denuo
3006 2769 3375 2839 transumpsit

805 2860 955 2913 idem
993 2876 1092 2914 rex
1131 2874 1180 2913 a.
1225 2859 1378 2915 1524.
1416 2860 1466 2915 4.
1505 2861 1834 2917 decembris,
1871 2862 1930 2914 In
1974 2860 2209 2916 archivo
2237 2876 2521 2915 commun.
2559 2862 2689 2915 nob.
2730 2862 2797 2915 de
2836 2860 3160 2931 Turopolje.

1035 3040 1050 3068 ¹
1090 3039 1187 3098 sic.
1265 3037 1288 3069 ³
1325 3040 1386 3096 ln
1425 3041 1532 3096 hac
1571 3039 1716 3096 thesi
1757 3039 2030 3095 terminus
2069 3038 2535 3109 „trecentesimo“
2577 3040 2748 3096 deest.

1990 3324 2194 3394 113.

1021 3529 1204 3589 Anno
1261 3526 1444 3588 1388.
1496 3526 1597 3587 20.
1649 3526 1811 3586 maii.

815 3722 1219 3807 Capitulum
1250 3722 1570 3785 ecclesiae
1602 3720 1976 3799 Budensis,
2025 3718 2664 3804 confirmationales
2695 3719 3145 3805 Sigismundi
3172 3720 3371 3785 Hun-

815 3831 1067 3915 gariae
1113 3833 1232 3893 ete.
1281 3830 1472 3913 regis
1541 3850 1602 3892 a.
1647 3828 1823 3910 1387.
1870 3845 1934 3907 4.
1966 3828 2099 3893 dec.
2168 3834 2381 3913 super
2416 3829 2849 3913 possessione
2916 3826 3377 3892 Petreusouch

808 3958 966 4003 cun-z
1034 3936 1216 4002 silva
1261 3936 1698 4021 Rakytholch,
1761 3942 1892 4021 pro
1957 3936 2383 4000 monasterio
2446 3936 2527 4000 Β.
2586 3935 2682 4001 M.
2747 3935 2813 3999 V.
2874 3934 3376 4001 heremitarum

1309 4039 1523 4129 prope
1567 4043 1991 4129 Zagrabiam
2040 4046 2419 4121 emanataS,
2466 4042 2868 4107 transumit.

1023 4262 1384 4342 Capitulum
1431 4263 1693 4323 ecclesie
1723 4263 2034 4323 Budensis
2082 4262 2381 4323 memorie
2411 4262 2926 4323 commendamus
2974 4270 3191 4323 tenore
3238 4281 3375 4340 pre·

810 4370 1087 4431 sencium
1121 4370 1546 4449 significantes
1579 4371 1805 4451 quibus
1846 4370 2098 4449 expedit
2130 4369 2453 4444 vniuersiS,
2502 4370 2673 4447 quod
2696 4368 2811 4428 viri
2842 4368 3118 4449 religiosi
3150 4369 3375 4429 fratres

811 4478 1134 4537 dumtaxat
1211 4479 1518 4539 Iohannes
1583 4488 1646 4538 et
1710 4479 2026 4557 Georgius
2073 4478 2305 4539 ordinis
2375 4477 2637 4537 fratrum
2684 4476 2885 4537 sancti
2953 4476 3131 4537 Pauli
3194 4477 3375 4555 primi

809 4584 1129 4658 heremite,
1179 4586 1307 4645 suis
1357 4606 1430 4645 ac
1480 4587 1678 4646 tocius
1727 4587 1960 4647 ordinis
2008 4586 2232 4665 prefati
2280 4586 2340 4644 in
2388 4585 2691 4664 personiS,
2740 4593 3018 4644 nostram
3068 4584 3373 4643 adeuntes

809 4692 1202 4770 presenciam
1269 4693 1682 4753 exhibuerunt
1742 4686 1922 4754 nobis
1971 4694 2279 4772 quasdam
2342 4692 2578 4751 litteras
2640 4690 3021 4751 serenissimi
3084 4690 3379 4769 principis

809 4798 1043 4859 domini
1089 4800 1476 4877 sigismundi
1521 4802 1692 4881 regis
1739 4800 2182 4881 priuilegialeS,
2252 4801 2525 4879 quadam
2575 4818 2765 4877 super
2819 4798 3159 4858 collacione
3208 4818 3377 4858 ema·

813 4916 995 4965 natas
1045 4914 1105 4965 et
1153 4908 1399 4985 copiam
1465 4910 1837 4970 venerabilis
1895 4909 2147 4986 capituli
2212 4906 2475 4968 ecclesie
2522 4906 2971 4986 Zagrabiensis
3034 4906 3379 4966 litterarum

810 5014 872 5083 in
919 5014 1158 5079 eisdem
1201 5015 1416 5076 litteris
1443 5017 1759 5103 regalibus
1807 5018 2201 5093 insertarum,
2234 5036 2425 5099 super
2472 5014 2821 5077 statucione
2868 5013 3373 5097 possessionaria
