3917 5592
807 478 930 539 174

1981 690 2019 756 1
2039 688 2184 759 82.

1011 944 1196 1004 Anno
1253 941 1435 1003 1417.
1486 941 1587 1001 24.
1636 942 1800 1002 iunii.
1848 942 2220 1024 Zagrabiae.

805 1170 1143 1235 Iohannes
1178 1170 1389 1256 filius
1434 1168 1783 1236 Antlzonii
1824 1191 2055 1237 comes
2105 1171 2354 1256 Campi
2416 1173 2914 1257 Zagrabiensis
2943 1197 3024 1238 ac
3072 1128 3357 1241 Marcus

789 1277 997 1361 filius
1042 1276 1238 1343 Iwan
1284 1299 1506 1343 comes
1538 1279 1893 1359 terrestris
1938 1278 2248 1345 eiusdem
2290 1280 2558 1365 Campi,
2589 1282 3040 1347 statutionem
3069 1287 3358 1367 quartae

884 1386 1119 1470 partis
1171 1385 1638 1470 possessionis
1710 1384 2010 1450 Crisano
2055 1388 2120 1462 et
2165 1385 2410 1451 Blasio
2469 1386 2827 1475 Vernyech,
2879 1388 3262 1473 notificant.

1012 1657 1145 1716 Nos
1216 1656 1525 1716 Iohannes
1592 1656 1753 1717 filius
1825 1657 2122 1717 Anthonii
2192 1676 2405 1717 comes
2475 1658 2702 1737 Campi
2769 1660 3214 1739 Zagrabiensis
3286 1680 3360 1720 ac

807 1764 1062 1824 Marcus
1120 1763 1281 1823 filius
1329 1764 1501 1823 Iwan
1564 1782 1776 1824 comes
1823 1765 2134 1825 terrestris
2197 1764 2478 1825 eiusdem
2544 1764 2771 1845 Campi
2839 1767 3138 1827 memorie
3193 1787 3359 1827 com-

801 1872 1171 1931 mendantes
1235 1880 1453 1932 tenore
1514 1871 1907 1949 presencium
1973 1872 2402 1952 significamus
2449 1872 2674 1952 quibus
2737 1873 2988 1950 expedit
3035 1873 3358 1947 universiS,

796 1979 965 2057 quod
1012 1998 1153 2039 cum
1201 1998 1318 2039 nos
1366 1981 1447 2041 ad
1479 1979 1813 2039 instantem
1858 1978 2232 2057 peticionem
2265 1979 2514 2039 Crisani
2559 1979 2666 2039 filii
2697 1980 3001 2055 Iwehech,
3050 2000 3126 2041 ex
3169 1981 3358 2041 nobili

795 2085 1049 2146 domina
1093 2086 1336 2165 Magda
1384 2094 1627 2161 vocata,
1674 2080 1964 2146 con'sorte
2011 2086 2204 2165 ipsius
2251 2087 2540 2146 Iwehech
2589 2086 2896 2167 ignobilis,
2945 2108 3158 2148 sorore
3207 2108 3359 2150 vero

795 2194 1062 2254 condam
1092 2192 1404 2267 Stanisk0,
1453 2193 1712 2273 Georgii
1745 2201 1810 2253 et
1839 2194 2176 2270 Hernyech
2225 2193 2488 2253 filiorum
2522 2193 2776 2269 Vrbani,
2823 2194 3120 2255 nobilium
3169 2196 3356 2256 castri

795 2302 873 2361 de
922 2302 1230 2361 Mrachlin
1277 2300 1605 2381 procreati,
1652 2302 1801 2361 item
1846 2301 2039 2362 Blasii
2085 2302 2418 2379 Vernyech
2466 2302 2908 2382 cognominati,
2964 2303 3072 2363 filii
3117 2303 3357 2364 Nicolai

795 2408 943 2469 dieti
989 2409 1275 2485 Musych,
1324 2410 1510 2468 modo
1556 2408 1740 2469 simili
1787 2427 1863 2469 ex
1912 2408 2100 2468 nobili
2148 2409 2402 2470 domina
2447 2410 2633 2485 Ielka,
2683 2429 2873 2470 uxore
2924 2410 3203 2471 eiusdem
3249 2411 3356 2471 Ni-

795 2514 953 2576 colai
1000 2516 1286 2592 Musych,
1350 2534 1564 2576 sorore
1584 2562 1589 2569 .
1613 2517 1955 2576 eorundem
2010 2517 2275 2577 filiorum
2322 2517 2558 2578 Vrbani
2606 2518 2838 2579 carnali
2885 2518 3212 2598 progeniti,
3279 2519 3356 2578 de

798 2624 1079 2703 predicta
1124 2622 1451 2698 Mrachlin‚
1520 2622 1760 2684 nobiles
1807 2623 1976 2684 viros
2025 2624 2337 2684 Thomam
2383 2624 2576 2684 filium
2637 2624 2892 2686 Martini
2938 2626 3016 2686 de
3063 2625 3355 2686 Vrbaneh

798 2750 875 2791 ac
932 2732 1184 2790 Petrum
1234 2730 1425 2791 filium
1459 2731 1668 2792 -Pauli
1715 2732 1793 2791 de
1840 2731 2119 2792 Inferiori
2168 2732 2591 2810 Lompnycha,
2655 2732 3024 2813 iobagiones
3071 2752 3184 2793 seu
3237 2733 3356 2811 pri-

798 2838 1035 2898 staldos
1066 2838 1438 2919 fidedignos,
1484 2840 1565 2899 ad
1596 2838 2056 2917 infrascriptam
2088 2847 2377 2919 quartam
2407 2839 2767 2917 porcionem
2799 2839 3355 2917 possessionariam

797 2946 875 3005 ab
913 2946 1174 3005 aliorum
1203 2946 1815 3024 possessionatorum
1862 2946 2098 3006 iuribus
2131 2947 2566 3025 separandam,
2619 2956 2678 3006 et
2712 2946 3063 3026 specialiter
3094 2966 3134 3007 a
3163 2945 3358 3005 tribus

798 3052 1196 3131 porcionibus
1248 3053 1758 3132 possessionariis
1824 3052 2344 3132 sequestrandam
2405 3052 2469 3113 in
2517 3052 2683 3112 dicta
2730 3053 3074 3130 Mrachlyn,
3137 3072 3176 3111 a
3220 3070 3356 3130 pre-

794 3160 939 3220 fatis
986 3159 1253 3220 condam
1298 3160 1593 3220 Stanisko
1641 3168 1703 3220 et
1751 3161 1799 3219 F
1802 3160 2086 3221 rancisco
2143 3148 2270 3220 filio
2319 3159 2600 3220 eiusdem
2658 3160 2952 3219 Stanisko
3000 3178 3242 3221 necnon
3297 3167 3359 3218 et

794 3267 1131 3345 Hernyech
1176 3276 1239 3328 et
1286 3266 1563 3347 Georgio
1610 3267 1750 3327 filiis
1798 3267 1944 3327 dicti
1984 3266 2221 3328 Vrbani
2270 3275 2332 3327 et
2379 3269 2457 3329 de
2503 3267 2750 3341 Iacob0,
2799 3265 3078 3346 Georgio
3126 3274 3189 3326 et
3235 3267 3356 3326 De-

795 3375 1015 3437 metrio
1070 3374 1209 3435 filiis
1256 3374 1594 3453 pretitulati
1656 3373 1915 3455 Georgii
1961 3374 2067 3434 filii
2115 3374 2369 3449 Vrbani,
2434 3374 2671 3434 eisdem
2720 3373 2987 3435 Crisano
3035 3382 3097 3433 et
3145 3374 3357 3435 Blasio

795 3483 1128 3563 Vernyech
1174 3482 1356 3557 dicto,
1389 3484 1560 3543 iuxta
1607 3482 1786 3563 regni
1833 3481 2348 3544 consuetudinem
2381 3492 2680 3562 tanquam
2726 3482 3105 3562 ignobilibus
3133 3502 3356 3561 prove·

793 3590 925 3652 nire
971 3591 1304 3651 debentem
1352 3591 1766 3664 statuendam,
1815 3591 1893 3650 de
1941 3591 2092 3650 sede
2139 3598 2356 3651 nostra
2403 3590 2724 3651 iudiciaria
2769 3590 2986 3651 ordine
3027 3590 3347 3651 iudiciario

798 3699 861 3758 iri
908 3699 1028 3759 hac
1076 3705 1253 3778 parte
1301 3707 1618 3773 consuet0,
1681 3698 1955 3778 legitime
2006 3697 2515 3773 destinassemuS,
2582 3697 2837 3758 tandem
2884 3697 3071 3757 iidem
3135 3697 3356 3757 exinde

798 3808 879 3867 ad
926 3826 1041 3867 nos
1091 3806 1341 3880 reversi,
1391 3814 1454 3866 et
1498 3825 1611 3885 per
1656 3824 1771 3866 nos
1820 3804 2151 3885 diligenter
2198 3806 2492 3885 requisiti,
2540 3806 2719 3867 nobis
2759 3805 3149 3866 concorditer
3195 3812 3357 3865 retu-

796 3917 1015 3989 lerunt,
1076 3922 1145 3973 ut
1191 3914 1309 3993 ipsi
1366 3912 1521 3973 feria
1566 3912 1783 3993 quinta
1846 3912 2130 3993 proxima
2175 3919 2320 3990 post
2371 3912 2600 3973 festum
2647 3920 2862 3973 sancte
2908 3911 3214 3986 trinitatiS,
3279 3912 3359 3971 ad

796 4022 989 4082 facies
1036 4020 1457 4099 predictarum
1503 4020 1782 4081 omnium
1814 4028 2082 4099 quatuor
2127 4019 2491 4099 porcionum
2537 4019 3190 4098 possessionariarum,
3236 4037 3358 4098 que

802 4130 1070 4191 condam
1133 4128 1553 4207 predictorum
1646 4128 1959 4202 Stanisk0‚
2015 4127 2349 4204 Hernyech
2399 4136 2462 4187 et
2507 4127 2765 4207 Georgii
2812 4126 3078 4187 filiorum
3123 4126 3360 4187 Vrbani

799 4239 877 4298 de
941 4236 1264 4310 Mrachlin‚
1330 4236 1592 4296 fratrum
1660 4236 2044 4296 uterinorum
2107 4236 2488 4315 prefatarum
2549 4236 2940 4296 dominarum
3000 4235 3238 4315 Magde
3299 4242 3362 4295 et

798 4346 981 4419 Ielke,
1028 4345 1297 4406 filiarum
1344 4344 1489 4405 dicti
1539 4342 1775 4405 Vrbani
1842 4343 2219 4423 prefuissent
2264 4344 2327 4404 in
2372 4344 2542 4404 dicta
2589 4343 2896 4404 Mrachlin
2950 4343 3206 4405 ubilibet
3250 4344 3358 4403 ha-

798 4454 1086 4528 bitarum,
1134 4452 1353 4513 vicinis
1404 4460 1465 4513 et
1514 4451 1961 4512 commetaneis
2009 4451 2288 4531 ipsarum
2334 4451 2641 4512 universis
2689 4450 2836 4511 inibi
2891 4450 3168 4531 legitime
3216 4471 3361 4511 con·

801 4561 1039 4622 vocatis
1086 4570 1149 4623 et
1194 4560 1591 4641 presentibus
1640 4561 2017 4635 accedendo,
2081 4560 2395 4639 predictas
2441 4579 2662 4621 omnes
2723 4566 2990 4640 quatuor
3035 4559 3362 4639 porciones

798 4669 1331 4749 possessionarias
1403 4670 1748 4731 eorundem
1820 4670 2088 4730 condam
2157 4668 2470 4742 StaniskO,
2547 4669 2884 4745 Hernyech
2955 4676 3017 4728 et
3085 4666 3361 4748 Georgii,

798 4776 1064 4838 filiorum
1131 4776 1368 4837 Vrbani
1417 4796 1492 4838 ac
1540 4779 1588 4837 F
1592 4776 1855 4837 rancisci
1920 4776 2026 4836 filii
2073 4776 2219 4836 dicti
2270 4776 2582 4851 Stanisko,
2653 4795 2895 4836 necnon
2942 4774 3168 4850 Iacobi‚
3238 4775 3360 4835 De-

800 4885 999 4945 metrii
1062 4893 1125 4945 et
1183 4884 1443 4965 Georgii
1504 4886 1771 4945 filiorum
1834 4883 2096 4963 predicti
2152 4884 2411 4967 Georgii
2471 4884 2578 4944 filii
2634 4884 2885 4958 Vrbani,
2934 4884 3359 4944 awuculorum

800 4993 1291 5087 pretitulatorum
1337 4992 1585 5069 Crisani
1634 5003 1696 5054 et
1742 4991 1933 5069 Blasii
1981 4992 2128 5069 dicti
2173 4993 2521 5073 Vernyech,
2555 4992 2616 5052 in
2663 4992 2827 5052 dicta
2869 4990 3176 5067 Mrachlin
3223 4989 3357 5064 ubi-
