3917 5592
3017 460 3100 535 75

535 682 797 770 pecunie
846 683 1065 751 decem
1111 682 1490 750 florenorum
1539 684 1618 750 ab
1667 687 1892 750 eodem
1945 686 2247 750 Farkasio
2295 692 2393 749 vel
2443 690 2577 749 eius
2627 690 3097 750 successoribus

537 798 756 858 redimi
802 798 1045 876 poterit,
1116 818 1259 858 curn
1308 798 1594 858 omnibus
1643 799 1772 858 suis
1819 798 2185 858 vtilitatibus
2235 805 2298 858 et
2343 797 2741 876 pertinenciis
2798 798 3103 859 Vniuersis

537 906 972 986 inpignorasse
1022 914 1118 966 est
1164 906 1490 966 confessus
1539 914 1602 966 et
1648 906 2071 987 inpignorauit
2118 925 2331 966 coram
2378 906 2557 965 nobis
2606 907 3105 965 conseruandam

538 1023 600 1073 et
627 1015 888 1091 pacifice
922 1014 1495 1074 usufructuandam.
1523 1014 1754 1074 Datum
1786 1014 2119 1094 Zagrabie,
2148 1013 2305 1074 feria
2338 1015 2617 1074 secunda
2648 1013 2931 1093 proxima
2962 1024 3107 1093 post

539 1135 800 1185 octauas
847 1120 988 1183 festi
1033 1120 1204 1182 beati
1265 1121 1614 1198 Myehaelis
1663 1122 2041 1201 archangeli,
2110 1140 2273 1182 anno
2322 1122 2555 1182 domini
2602 1116 3102 1181 M⁰.CCC⁰.LX⁰.

750 1263 1034 1333 originale
1101 1263 1478 1331 chartaceum,
1544 1280 1580 1317 a
1634 1256 1797 1331 tergo'
1853 1263 2153 1332 vestigium
2221 1262 2476 1332 appressi
2534 1262 2723 1331 magni
2779 1262 2963 1331 sigilli.
3039 1262 3103 1315 In

541 1354 772 1409 archivo
807 1354 963 1423 regni
1002 1351 1336 1421 Hungariae,
1386 1350 1780 1421 Budapestini:
1823 1352 1892 1405 M.
1930 1351 1995 1408 O.
2036 1353 2096 1406 D.
2134 1352 2193 1408 L.
2231 1352 2440 1421 32951„
2482 1352 2618 1405 olim
2658 1351 2720 1406 N.
2762 1352 2823 1405 R.
2863 1352 2925 1405 A.
2967 1352 3099 1406 fasc.

542 1442 648 1497 138
699 1443 803 1499 No,
843 1442 892 1498 1.

1752 1729 1894 1797 75.

755 1926 938 1986 Anno
995 1922 1177 1987 1360.
1236 1924 1331 1987 19.
1379 1927 1752 1987 novembris,
1801 1927 2175 2006 Zagrabiae.

545 2118 1004 2183 Leustachius
1072 2119 1478 2184 Sclavom'ae
1523 2118 1764 2199 banuS,
1833 2119 2097 2183 nobiles
2148 2119 2546 2204 iobagiones
2607 2120 2689 2184 de
2744 2120 3109 2205 Mrachlyn

893 2227 971 2290 in
1016 2226 1390 2290 eorundem
1435 2224 1780 2291 libertatis
1819 2228 2325 2311 praerogativa
2372 2225 2759 2310 confirmat.

759 2425 891 2484 Nos
938 2424 1368 2483 Lewstachius
1409 2424 1588 2503 regni
1633 2424 1966 2484 Sclauonie
1998 2426 2201 2484 banus
2248 2425 2548 2485 memorie
2595 2426 3109 2485 commendamus

546 2507 762 2591 tenore
809 2531 1200 2609 presencium
1271 2530 1696 2611 significantes
1745 2532 1970 2610 quibus
2042 2531 2292 2610 expedit
2337 2532 2661 2607 vniuersiS,
2733 2534 2901 2610 quod
2964 2552 3107 2593 cum

546 2658 660 2697 nos
722 2657 799 2698 ex
863 2637 1306 2698 informacione
1376 2639 1767 2717 quorundam
1835 2639 2075 2715 Stoyko
2138 2638 2331 2698 filium
2392 2639 2557 2714 Wlk,
2628 2639 2843 2715 Mylko
2911 2640 3104 2699 filium

549 2747 800 2806 Andree
849 2754 912 2806 et
957 2747 1128 2805 Iwan
1180 2746 1373 2805 filium
1418 2746 1719 2825 Stephani
1761 2765 1836 2805 ac
1895 2741 2081 2806 alios¹
2128 2748 2581 2826 generaciones
2628 2766 2845 2807 eorum
2893 2767 3111 2807 omnes

547 2853 624 2912 de
671 2852 1000 2928 Mrachlyn
1047 2852 1125 2912 de
1174 2852 1420 2931 Campo
1467 2852 1896 2933 Zagrabiensi,
1943 2853 2051 2931 qui
2085 2854 2167 2913 ad
2198 2854 2452 2912 modum
2502 2854 2763 2913 aliorum
2810 2854 3109 2914 nobilium

549 2959 950 3039 iobagionum
995 2960 1184 3019 castri
1233 2961 1311 3020 de
1360 2961 1584 3029 eodem
1608 2961 1876 3039 'Campo
1927 2960 2371 3035 referebantur,
2425 2981 2548 3020 non
2598 2963 2675 3021 de
2722 2962 2873 3036 iure,
2921 2963 3111 3021 immo

546 3067 734 3126 tacita
776 3067 1037 3127 veritate
1105 3068 1528 3147 congratulari
1574 3075 1780 3127 castro
1849 3068 2042 3144 Selyn
2090 3068 2458 3127 dicebantur
2527 3068 2823 3147 subiungi
2881 3069 3110 3129 debere

549 3174 854 3247 seruituti,
916 3175 998 3233 ad
1045 3182 1402 3252 presentem
1451 3175 2023 3255 congregacionem
2072 3184 2351 3233 nostram
2398 3176 2761 3254 generalem
2808 3176 2887 3235 de
2935 3176 3111 3256 regio

549 3281 804 3359 speciali
869 3282 1168 3342 mandato
1213 3282 1522 3342 vniuersis
1593 3282 1902 3342 nobilibus
1951 3282 2109 3341 inter
2179 3281 2439 3342 fluuium
2486 3284 2705 3359 Lanya
2768 3283 3001 3342 dictum
3049 3292 3112 3343 et

550 3390 722 3467 alpes
756 3388 957 3449 Gwzd
1003 3398 1396 3468 nuncupatas
1430 3390 1852 3465 existentibus»,
1900 3390 2151 3469 publica
2181 3380 2681 3468 proclamacione
2728 3390 2911 3465 facta,
2956 3390 3115 3450 feria

549 3498 828 3557 secunda
895 3498 1180 3576 proxima
1227 3505 1371 3575 post
1438 3498 1666 3558 festum
1715 3499 1884 3559 beati
1929 3499 2185 3558 Martini
2234 3498 2609 3557 confessoris
2674 3518 2787 3576 per
2834 3517 2949 3557 nos
2995 3500 3113 3558 Za·

551 3603 769 3682 grabie
817 3603 1212 3678 celebratam,
1281 3605 1532 3665 nomine
1581 3606 1987 3685 iobagionum
2036 3606 2450 3665 castrensium
2505 3624 2647 3665 cum
2695 3624 2911 3664 eorum
2958 3606 3113 3665 litte-

551 3712 782 3771 ralibus
813 3712 1252 3786 instrumentiS,
1302 3712 1355 3772 si
1382 3732 1508 3791 qua
1535 3714 1840 3781 haberent
1885 3713 2252 3773 fecissemus
2288 3713 2555 3786 euocari,
2602 3732 2715 3791 per
2746 3732 2861 3772 nos
2909 3713 3115 3792 regni·

551 3839 673 3897 que
743 3814 1083 3880 nobilibus²
1150 3821 1214 3880 in
1260 3820 1398 3898 ipsa
1469 3822 1973 3902 congregacione
2044 3829 2261 3881 nostra
2310 3810 2665 3881 'nobiscum
2740 3822 3115 3881 adherentes

561 3926 1039 4001 examinaturOS,
1108 3929 1362 3988 tandem
1426 3928 1614 3988 iidem
1681 3929 1919 4004 Stoyko
1970 3937 2033 3988 et
2087 3929 2301 4004 Mylko
2366 3938 2427 3987 et
2488 3930 2659 3987 Iwan
2723 3928 2787 3987 in
2854 3928 2983 3987 suis
3050 3947 3125 3987 ac

558 4042 908 4094 ceterorum
977 4032 1138 4094 dicte
1204 4030 1758 4115 congregacionis³
1817 4054 2035 4095 eorum
2103 4036 2425 4095 hominum
2472 4036 2772 4113 personis,
2846 4045 3125 4096 nostrum

560 4139 863 4221 regnique
955 4141 1251 4200 nobilium
1321 4142 1382 4201 in
1450 4142 1732 4221 predicta
1815 4143 2318 4223 congregacione
2405 4151 2622 4203 nostra
2709 4144 3119 4204 existencium

541 4249 842 4333 ‚adientes
889 4258 1310 4328 conspectum,
1382 4252 1690 4329 quasdam
1737 4251 1974 4312 litteras
2045 4250 2468 4333 priuilegiales
2516 4252 2898 4311 serenissimi
2959 4252 3123 4330 prin-

557 4357 709 4436 cipis
757 4357 991 4417 domini
1020 4357 1338 4437 Stephani,
1386 4358 1488 4419 dei
1519 4358 1738 4438 gracia
1782 4359 2033 4419 illustris
2082 4360 2350 4419 condam
2385 4360 2552 4438 regis
2579 4360 2945 4438 ‚Hungarie,
2992 4360 3123 4419 lau-

557 4459 765 4527 dande
793 4466 1110 4539 memorie,
1137 4484 1300 4526 anno
1325 4466 1782 4527 incarnacionis
1809 4467 2042 4528 domini
2064 4468 2391 4527 millesimo
2418 4468 2846 4527 ducentesimo
2873 4476 3122 4544 septua-

558 4573 802 4653 gesimo
850 4574 1126 4633 secundo
1175 4574 1510 4649 confectaS‚
1559 4575 2001 4635 confirmantes
2036 4576 2293 4635 easdem
2338 4575 2577 4634 litteras
2609 4574 2889 4633 similiter
2934 4572 3119 4651 priui-

558 4681 818 4760 legiales
885 4682 1184 4759 Iwachyn
1254 4683 1522 4742 condam
1591 4682 1791 4742 tocius
1862 4683 2196 4744 Sclauonie
2267 4683 2431 4756 bani,
2502 4682 2680 4741 nobis
2752 4690 3127 4741 curauerunt

559 4788 870 4864 exhibere,
943 4790 1007 4849 in
1054 4789 1278 4869 quibus
1326 4791 1807 4868 predecessores
1863 4792 2207 4851 eorundem
2253 4791 2509 4868 Stoyk0,
2579 4790 2797 4867 Mylko
2847 4798 2909 4849 et
2952 4788 3123 4851 Iwan

560 4914 636 4959 ac
697 4896 1134 4976 generacionis
1204 4896 1482 4974 ipsorum
1529 4891 1898 4972 hominum,⁴
1966 4917 2152 4957 veros
2200 4897 2439 4956 nobiles
2514 4896 2881 4976 iobagiones
2937 4896 3124 4955 castri

557 5003 766 5078 fuisse,
837 5012 900 5064 et
945 5004 1204 5063 eosdem
1249 5003 1380 5063 fore
1430 5011 1493 5063 et
1540 5024 1679 5089 esse
1740 5005 2177 5081 conspeximus
2226 5003 2563 5079 euidenter,
2634 5005 2798 5064 vnde
2845 5024 2959 5063 nos
3008 5022 3116 5061 vo-
