3917 5592
3039 478 3169 544 279

612 698 920 777 quispiam
978 718 1054 758 ex
1086 697 1236 776 ipsis
1283 698 1536 757 totalem
1585 696 2051 775 possessionem
2099 705 2161 756 et
2206 696 2565 775 porcionem
2612 698 3172 776 possessionariam

609 806 805 884 ipsius
870 806 1180 882 Symonis,
1242 796 1532 865 videlicet
1583 813 1710 863 tam
1774 814 2005 863 terram
2053 804 2461 864 sessionalem
2508 824 2698 883 quam
2758 816 3173 890 campestrem

616 922 678 974 et
727 914 1027 974 arabilem
1077 933 1152 973 ac
1197 913 1696 986 falcastrabilem‚
1745 921 1808 972 et
1856 912 1977 973 alio
2024 912 2247 991 quovis
2300 912 2550 972 nomine
2608 914 2960 989 vocitatam,
3014 915 3175 974 inter

610 1022 1042 1100 possessiones
1077 1030 1138 1081 et
1163 1021 1490 1099 porciones
1524 1020 2052 1099 possessionarias
2099 1020 2519 1099 predictorum
2550 1020 2849 1080 Anthonii
2879 1021 2986 1082 filii
3028 1022 3175 1082 dicti

611 1130 874 1209 Gurgek
936 1138 1000 1190 et
1061 1129 1255 1207 ipsius
1303 1128 1540 1188 Vrbani
1586 1128 1692 1188 filii
1739 1127 1961 1207 prefati
2010 1126 2354 1200 MichaeliS,
2411 1127 2615 1187 fratris
2664 1128 2899 1189 scilicet
2946 1130 3168 1189 uterini

613 1246 674 1298 et
734 1222 1000 1297 carnalis
1061 1236 1256 1315 ipsius
1303 1236 1612 1313 Symonis,
1660 1236 1722 1294 in
1767 1236 2049 1313 predicta
2100 1235 2385 1295 videlicet
2432 1235 2723 1312 Gorycza
2786 1237 3065 1296 habitam
3115 1244 3177 1296 et

613 1343 998 1419 existentem,
1047 1362 1189 1403 cum
1243 1343 1532 1402 omnibus
1565 1343 1694 1402 suis
1725 1342 2091 1402 utilitatibus
2138 1350 2202 1401 et
2247 1341 2642 1420 pertinenciis
2691 1343 3015 1417 universiS,
3063 1362 3176 1421 pro

613 1472 682 1511 se
727 1453 880 1531 ipsis
938 1472 1051 1531 pro
1112 1452 1309 1511 tribus
1362 1451 1653 1529 [florenis]
1707 1450 1857 1523 auri,
1921 1459 1985 1509 et
2031 1469 2144 1529 pro
2192 1459 2459 1529 quatuor
2522 1450 2733 1528 pensis
2780 1451 3177 1511 denariorum

612 1560 1081 1633 wiennensium,
1111 1578 1276 1618 nunc
1318 1558 1616 1617 usualiter
1648 1558 2037 1617 currencium
2070 1577 2279 1618 emere
2305 1566 2368 1617 et
2396 1576 2761 1635 comparare
2796 1577 2871 1618 ac
2895 1558 3173 1636 h[abere]

613 1668 956 1727 voluissent
1018 1687 1098 1727 an
1163 1686 1306 1741 non,
1369 1667 1475 1746 qui
1539 1686 1758 1726 omnes
1821 1674 1882 1725 et
1928 1666 2159 1747 singuli
2204 1685 2318 1744 per
2363 1666 2711 1744 predictum
2778 1665 3179 1747 iobagionem

613 1784 896 1835 nostrum
952 1774 1342 1853 fidedignum
1389 1774 1577 1833 modo
1625 1773 1896 1851 premiso
1943 1773 2247 1853 legittime
2295 1773 2567 1849 amoniti,
2614 1773 2817 1834 eidem
2864 1773 3180 1853 iobagioni

612 1882 933 1963 fidedigno
983 1901 1059 1943 eo
1109 1882 1297 1942 modo
1346 1882 1705 1953 retulerunt,
1753 1890 1821 1939 ut
1867 1880 1984 1960 ipsi
2033 1874 2376 1959 predictam
2442 1882 2636 1960 ipsius
2698 1881 2989 1957 Symonis
3036 1900 3179 1960 pos-

615 1990 962 2051 sessionem
1009 1997 1072 2050 et
1116 1989 1475 2068 porcionem
1523 1988 2084 2067 possessionariam
2134 1990 2321 2048 modo
2370 1988 2677 2067 premisso
2732 1996 3179 2066 expressatam,

614 2117 727 2176 pro
793 2116 862 2157 se
910 2096 1060 2175 ipsis
1120 2116 1232 2176 pro
1296 2095 1576 2175 predicta
1645 2095 2050 2173 pecuniarum
2102 2114 2349 2155 summa
2396 2104 2458 2155 et
2522 2094 2867 2173 quantitate
2925 2093 3177 2154 minime

615 2225 823 2265 emere
873 2214 936 2264 et
981 2223 1347 2282 comparare
1382 2223 1456 2263 ac
1480 2204 1713 2263 habere
1761 2204 2108 2278 voluerunt,
2156 2204 2270 2263 sed
2303 2221 2445 2262 eam
2491 2201 2709 2280 pocius
2757 2200 2875 2279 ipsi
2920 2201 3183 2277 Symoni

617 2314 964 2391 cuicunque
1011 2311 1146 2390 ipse
1195 2312 1458 2371 voluerit
1505 2318 1567 2369 et
1627 2310 1912 2389 potuerit,
1960 2311 2221 2370 liberam
2270 2318 2331 2369 et
2394 2328 2682 2369 securam
2744 2326 2857 2386 pro
2903 2308 3183 2385 predicta
3264 2302 3267 2305 ’

617 2419 879 2500 pecunie
927 2420 1272 2499 quantitate
1312 2418 1625 2479 vendendi
1654 2418 2029 2478 remiserunt
2057 2418 2435 2489 facultatem,
2467 2417 2687 2497 vigore
2720 2423 2784 2475 et
2828 2414 3180 2474 testimonio

616 2528 1008 2608 presencium
1041 2534 1394 2587 nostrarum
1427 2520 1746 2586 literarum
1779 2526 2111 2585 mediante.
2144 2526 2377 2585 Datum
2413 2522 2745 2603 Zagrabie‚
2776 2521 2932 2582 feria
2958 2530 3178 2601 quarta

614 2636 898 2714 proxima
943 2642 1088 2713 post
1133 2633 1362 2694 festum
1409 2632 1712 2692 kathedre
1760 2630 1928 2691 beati
1976 2631 2145 2690 Petri
2178 2631 2458 2710 apostoli,
2508 2648 2672 2689 anno
2705 2628 2938 2689 domini
2986 2627 3175 2687 mille·

619 2743 778 2802 simo
825 2738 1446 2821 quadringentesimo
1491 2732 1636 2797 XL⁰
1683 2746 1875 2798 sext0.

835 2862 1120 2931 Originale
1158 2862 1533 2921 chartaceum,
1575 2859 1634 2913 in
1673 2856 1948 2927 superiori
1990 2861 2151 2927 parte
2189 2873 2471 2922 mancum,
2506 2854 2545 2910 ‘a
2582 2859 2736 2924 tergo
2774 2859 3050 2924 apparent
3084 2870 3181 2908 ve-

615 2952 780 3021 stigia
826 2952 1068 3006 duorum
1133 2964 1530 3018 appressorum
1572 2946 1882 3016 sigillorum
1956 2948 2017 3001 In
2056 2945 2289 3001 archivo
2338 2944 2698 2999 accademiae
2736 2944 2930 2997 scient.
2983 2945 3039 2997 et
3075 2947 3177 2997 art.

615 3042 832 3096 Slavor.
871 3039 1067 3094 merid.
1107 3038 1429 3108 Zagrabiae.

839 3184 848 3210 ¹
889 3182 969 3236 sic
1009 3144 1414 3252 (propinquos).

1797 3499 2010 3569 2⁵7.

826 3701 1011 3761 Anno
1069 3698 1255 3760 1446.
1305 3699 1406 3759 21.
1455 3699 1674 3759 martii.
1738 3698 2110 3777 Zagrabiae.

627 3914 874 3977 Coram
913 3912 1220 3978 Iohanne
1249 3910 1619 3996 Rayachar
1646 3911 1894 3974 comite
1924 3909 2175 3994 Campi
2204 3908 2699 3992 Zagrabiensis
2745 3929 2827 3971 ac
2881 3906 3180 3991 Georgio

606 4020 767 4104 filio
816 4020 1064 4105 Egidii
1111 4019 1192 4084 de
1240 4018 1651 4097 Korilowcz,
1706 4018 1953 4081 comite
2012 4020 2175 4081 terr.
2237 4014 2543 4079 eiusdem
2598 4014 2863 4098 Campi,
2925 4012 3181 4098 Symon

607 4128 814 4212 filius
861 4127 1230 4192 Michaelis
1288 4123 1898 4208 Thowarusewych
1954 4124 2037 4189 de
2077 4124 2411 4209 Gorycza‚
2436 4123 2946 4206 possessionem
2978 4142 3181 4185 suam

619 4239 696 4299 in
743 4236 977 4301 eadem
1058 4235 1373 4318 Gorycza
1434 4233 1795 4311 situatam,
1861 4235 1921 4296 tv
1933 4230 2089 4295 ibus
2143 4229 2449 4315 florenis
2494 4233 2560 4293 et
2605 4232 2907 4314 quatuor
2942 4230 3186 4313 pensis

617 4344 1067 4408 denariorum
1115 4340 1650 4416 wiennensium,
1721 4338 2033 4404 Fabiano
2076 4338 2239 4423 filio
2287 4336 2666 4421 Mychaelis
2728 4335 2809 4400 de
2862 4336 3179 4411 Gradecz,

1771 4446 2026 4511 vendit.

833 4670 965 4730 Nos
1013 4670 1322 4729 Iohannes
1369 4671 1704 4747 Rayachar
1733 4686 1946 4727 comes
1979 4664 2204 4743 Campi
2251 4664 2698 4744 Zagrabiensis
2748 4681 2821 4722 ac
2868 4662 3180 4741 Georgius

618 4778 778 4836 filius
827 4777 1034 4858 Egidii
1081 4779 1159 4837 de
1207 4778 1562 4837 Korilowcz
1613 4796 1824 4836 comes
1880 4772 2190 4835 terrestris
2253 4773 2534 4832 eiusdem
2597 4770 2821 4848 Campi
2884 4769 3180 4843 memorie

619 4887 1129 4945 commendamus
1163 4904 1276 4963 per
1301 4892 1645 4963 presenteS‚
1694 4882 1862 4962 quod
1909 4884 2145 4976 Symon
2194 4880 2355 4939 filius
2387 4877 2715 4937 Michaelis
2742 4876 2887 4936 dicti
2912 4876 3180 4935 Thowa-

619 4976 947 5068 rusewych
995 4992 1072 5051 de
1121 4992 1428 5068 Gorycza,
1473 4992 1540 5050 in
1587 4984 1702 5050 sua
1751 4997 1813 5050 et
1867 4969 2127 5068 Georgii
2161 5006 2237 5047 ac
2263 4984 2577 5046 Valentini
2608 4984 2873 5043 filiorum
2921 5000 3177 5044 suorum
