3917 5592
3032 491 3163 570 295

600 707 972 797 Lonnicha&
1021 714 1290 784 nobilem
1339 716 1542 783 virum
1572 716 1960 801 Stephanum
2008 720 2198 783 filium
2246 722 2413 785 Petri
2461 725 2540 785 de
2588 725 2829 799 eadem,
2876 722 3166 784 videlicet

605 830 1003 911 iobagionem
1049 838 1332 892 nostrum
1388 830 1794 911 fidedignum,
1841 833 1920 891 de
1968 832 2121 891 sede
2183 839 2397 891 nostra
2444 830 2767 893 iudiciaria
2814 831 2993 891 solita
3040 832 3159 891 Za-

606 937 942 1017 grabiensi,
989 937 1144 998 feria
1177 939 1457 999 secunda
1486 938 1770 1016 proxima
1803 946 1948 998 ante
1980 937 2207 998 festum
2251 938 2543 999 undecim
2590 938 2780 998 millia
2826 938 3158 1017 virginum,

605 1063 769 1103 nunc
819 1044 1098 1122 proxime
1157 1045 1536 1123 preteritum,
1585 1045 1667 1105 ad
1713 1044 2172 1124 infrascriptam
2234 1047 2753 1107 ammonicionem
2814 1046 3159 1125 possessio-

600 1151 842 1211 nariam
889 1150 1245 1212 taciendam
1289 1152 1567 1232 legitime
1600 1152 2111 1229 destinassemuS,
2158 1154 2411 1215 tandem
2444 1154 2611 1214 idem
2656 1153 2910 1235 iobagio
2942 1162 3155 1213 noster

599 1260 954 1340 fidedignus
1003 1260 1065 1319 in
1121 1260 1451 1340 quindenis
1483 1262 1759 1339 predicte
1806 1261 1958 1321 ferie
1993 1262 2268 1322 secunde
2302 1263 2525 1323 exinde
2574 1264 2655 1323 ad
2702 1281 2817 1322 nos
2864 1281 3156 1322 reversus

600 1377 662 1429 et
706 1387 820 1446 per
864 1387 980 1427 nos
1044 1367 1374 1448 diligenter
1435 1368 1786 1447 requisituS,
1847 1368 2029 1429 nobis
2076 1388 2153 1429 eo
2199 1370 2388 1429 modo
2435 1370 2641 1430 retulit
2706 1369 3041 1449 fidedigne,
3090 1375 3157 1427 ut

602 1477 750 1536 dum
796 1475 931 1553 ipse
981 1475 1063 1535 ad
1123 1476 1510 1553 Stephanum
1559 1484 1622 1536 et
1668 1477 1750 1536 ad
1796 1476 2193 1537 Valentinum
2256 1478 2417 1537 filios
2478 1476 2771 1555 Symonis
2818 1484 2881 1537 et
2928 1476 3009 1536 ad
3054 1476 3162 1535 Ni-

603 1584 848 1643 colaum
895 1582 1090 1642 filium
1161 1582 1443 1644 eiusdem
1489 1590 1553 1643 et
1598 1584 1679 1643 ad
1727 1578 2023 1643 Paulum⁸
2070 1592 2131 1643 et
2177 1585 2433 1647 Petrum
2478 1584 2637 1645 filios
2684 1584 2921 1661 Kyrini,
2970 1592 3032 1644 et
3079 1584 3161 1644 ad

600 1691 752 1751 alios
803 1689 1112 1769 quoslibet
1181 1689 1404 1750 fratres
1470 1690 1975 1771 consangvineos
2023 1698 2087 1750 et
2130 1690 2530 1771 propinquos,
2596 1690 2835 1774 vicinos
2882 1699 2949 1781 et
2990 1710 3157 1751 com-

597 1806 941 1872 metaneOS,
987 1804 1117 1856 tam
1162 1796 1544 1876 propinquos
1598 1816 1788 1876 quam
1837 1806 2127 1872 remotOS,
2177 1799 2259 1858 ad
2304 1817 2462 1877 quos
2524 1799 2756 1859 decens
2802 1806 2866 1857 et
2910 1806 3161 1876 oportu-

598 1908 745 1964 num
797 1904 922 1970 fuit,
960 1903 1349 1979 accessisset,
1397 1912 1460 1964 et
1506 1905 1762 1965 eosdem
1808 1904 1869 1964 in
1920 1924 1997 1965 eo
2046 1906 2513 1981 ammonuisset,
2559 1914 2627 1965 ut
2670 1906 2789 1985 ipsi
2838 1913 2946 1965 aut
2991 1905 3159 1984 quis-

599 2012 768 2090 piam
816 2031 892 2072 ex
940 2011 1108 2089 ipsiS,
1155 2013 1411 2072 totalem
1443 2032 1623 2072 suam
1656 2013 2017 2090 porcionem
2048 2013 2610 2091 possessionariam
2642 2013 2866 2092 prefati
2898 2013 3159 2090 Mathey

595 2119 659 2178 in
713 2118 993 2197 predicta
1023 2118 1304 2179 Inferiori
1348 2120 1670 2179 Lonnicha
1717 2128 1780 2179 et
1827 2120 1960 2180 eius
2009 2120 2407 2199 pertinenciis
2455 2121 2732 2180 habitam
2780 2129 2844 2180 et
2890 2120 3156 2179 existen-

596 2234 740 2302 tem,
804 2226 1080 2305 quolibet
1147 2225 1396 2287 nomine
1461 2227 1816 2303 vocitatam,
1879 2228 2014 2289 eius
2062 2228 2423 2288 utilitatibus
2472 2236 2535 2289 et
2579 2227 2977 2307 pertinenciis
3024 2226 3156 2286 uni·

598 2333 816 2408 versiS,
866 2335 948 2393 ad
995 2353 1063 2393 se
1111 2354 1225 2412 pro
1289 2343 1461 2395 certa
1506 2334 1912 2414 pecuniarum
1975 2336 2321 2414 quantitate
2369 2336 2432 2395 in
2476 2335 2707 2416 pignus
2770 2334 3047 2414 recipere
3095 2341 3160 2394 et

595 2441 828 2501 habere
891 2441 1234 2509 voluissent
1296 2442 1429 2518 au[t
1457 2443 1609 2519 ·ne],
1671 2442 1776 2521 qui
1845 2436 2141 2503 homnes⁴
2208 2450 2272 2503 et
2334 2442 2561 2523 singuli
2630 2442 2969 2521 supradicti
3043 2458 3159 2519 per

595 2548 905 2625 prefatum
969 2547 1368 2628 iobagionem
1431 2557 1712 2608 nostrum
1774 2546 2210 2630 fidedignum⁵,
2258 2550 2315 2611 ei
2362 2549 2678 2631 iobagioni
2744 2556 2958 2609 nostro
3002 2549 3158 2609 fide-

601 2654 793 2735 digno
842 2673 918 2715 eo
966 2655 1154 2715 modo
1201 2656 1580 2729 retullerunt,
1627 2664 1696 2715 ut
1739 2656 1859 2735 ipsi
1905 2656 2251 2735 predictam
2316 2656 2676 2735 porcionem
2722 2656 3152 2740 possessiona-

607 2763 762 2822 riam
811 2762 1005 2841 ipsius
1050 2763 1328 2840 „Mathey
1375 2764 1544 2823 nullo
1591 2764 1780 2823 modo
1828 2764 1910 2823 ad
1956 2783 2027 2824 se
2074 2764 2137 2823 in
2182 2764 2413 2845 pignus
2474 2764 2751 2842 recipere
2814 2771 2877 2824 et
2921 2763 3155 2823 habere

598 2873 944 2945 voluerunt,
992 2873 1106 2933 sed
1139 2891 1279 2933 eam
1310 2871 1672 2951 porcionem
1699 2872 2263 2951 possessionariam
2294 2872 2412 2951 ipsi
2444 2866 2739 2949 Mathya‘l
2786 2864 3155 2950 cuicumque

601 2972 856 3041 eadem⁷
903 2980 1164 3056 Mathey
1213 2979 1492 3055 voluerit,
1540 2980 1797 3040 liberam
1860 2980 2300 3061 inpignorandi
2347 2980 2734 3043 remisissent
2775 2981 3153 3054 facultatem,

597 3087 818 3167 vigore
868 3096 930 3147 et
975 3088 1328 3148 testimonio
1361 3087 1754 3166 presencium
1801 3088 2148 3148 litterarum
2192 3097 2548 3149 nostrarum
2578 3082 3151 3148 ammonitoriarum

601 3194 819 3275 sigillis
865 3194 1093 3258 nostris
1140 3195 1335 3255 solitis
1383 3196 1462 3254 de
1511 3214 1684 3256 more
1730 3195 1883 3255 alias
1931 3203 2233 3256 consueto
2265 3196 2774 3276 consignatamm
2820 3195 3153 3257 mediante.

597 3302 829 3362 Datum
875 3302 1206 3381 Zagrabie,
1251 3302 1407 3362 feria
1456 3304 1735 3363 secunda
1764 3303 2049 3382 proxima
2097 3312 2241 3363 ante
2288 3303 2516 3364 festum
2562 3296 2951 3381 Symonis'et
2982 3303 3150 3377 lude,

597 3427 761 3467 anno
809 3408 1044 3468 domini
1088 3404 1204 3468 M⁰.
1254 3403 1532 3469 CCCC0.
1580 3404 1737 3469 XL⁰.
1787 3411 1940 3470 VIII.

809 3546 1093 3616 originale
1131 3548 1508 3635 chartaceum,
1547 3565 1585 3604 a
1620 3553 1774 3617 tergo
1814 3550 2069 3620 appressi
2120 3549 2285 3619 sigilli
2326 3550 2644 3619 vestigium.
2692 3548 2855 3619 Apud
2903 3548 3150 3604 nobilem

596 3636 842 3692 Marcum
882 3638 1138 3696 Athanas
1170 3637 1229 3691 in
1269 3637 1430 3692 infer.
1469 3638 1742 3692 Lomnica
1779 3638 1881 3693 Νο.
1920 3640 2009 3693 29.

811 3819 826 3846 ¹
863 3817 945 3871 sic
971 3815 1241 3887 (nobilis).
1322 3817 1340 3847 ¹
1377 3816 1459 3871 sic
1485 3816 1860 3881 (Lomnieha).
1941 3818 1960 3846 ⁸
1998 3802 2265 3886 scriptum
2295 3832 2468 3885 supra
2496 3817 2663 3886 linea,
2688 3817 2953 3872 videlicet
2978 3833 3150 3887 supra

595 3908 829 3961 verbum
874 3906 1259 3975 »Nicolaum·,
1301 3907 1448 3975 quod
1508 3907 1750 3961 deletum
1801 3912 1902 3979 est.
1978 3907 1997 3936 ⁴
2036 3907 2118 3961 sic
2169 3906 2427 3977 (omnes).
2506 3908 2524 3935 ⁵
2573 3907 2846 3962 terminus
2900 3924 3151 3964 »ammo-

593 3997 750 4065 niti«,
791 3996 884 4065 qui
934 3996 1092 4065 sequi
1134 3994 1376 4065 deberet,
1417 3996 1589 4050 deest.
1667 3998 1687 4024 ⁶
1723 3996 1821 4051 sic.
1898 3996 1917 4025 ⁷
1955 3996 2037 4050 sic
2074 3995 2279 4060 (idem).

797 4587 982 4649 Anno
1038 4584 1223 4649 1449.
1279 4587 1376 4649 17.
1423 4590 1644 4649 martii.
1692 4589 2064 4669 Zagrabiae.

803 4804 1014 4865 Litera
1061 4802 1444 4882 expeditoria
1507 4802 1766 4883 Georgii
1826 4803 2386 4883 Hargylsperger',
2434 4801 2677 4862 comitis
2740 4799 2966 4881 Campi
3034 4802 3153 4863 Za·

592 4910 945 4991 grabiensis
993 4919 1056 4972 et
1117 4910 1462 4971 Clementis
1526 4910 1632 4970 filii
1697 4910 1874 4970 Pauli
1936 4912 2016 4970 de
2078 4910 2469 4987 Korylowcz,
2533 4910 2777 4971 comitis
2842 4910 3152 4971 terrestris

592 5019 874 5078 eiusdem
940 5018 1184 5097 Campi,
1248 5018 1619 5097 Zagrabiae,
1669 5018 1728 5077 in
1793 5018 1942 5078 sede
1992 5037 2207 5079 eorum
2254 5017 2592 5093 iudiciaria,
2652 5017 2809 5078 seria
2875 5018 3151 5078 secunda
