3917 5592
782 434 912 495 232

778 650 965 708 modo
1013 649 1305 727 sequitur.
1356 649 1433 722 (V
1457 648 1600 708 ide
1671 647 1850 706 doc.
1923 666 1976 706 a.
2058 644 2240 707 1258.
2280 666 2341 705 ·s
2370 647 2490 706 ub.
2561 646 2700 704 No.
2773 643 2909 722 12.).
2973 645 3107 704 Nos
3155 643 3343 724 igitur

780 755 956 814 iustis
1006 765 1068 814 et
1113 755 1229 815 iuri
1290 754 1581 814 consonis
1646 753 2058 832 peticionibus
2121 753 2504 831 prefatorum
2565 753 2842 832 Georgii,
2904 752 3217 813 Valentini
3280 759 3342 811 et

778 863 1039 936 Sthank,
1087 863 1365 941 ipsorum
1414 871 1476 921 et
1522 862 1873 921 nominibus
1942 862 2169 940 quibus
2217 881 2407 941 supra
2456 862 2538 921 ad
2583 880 2700 920 nos
2747 861 2926 922 factis
2975 867 3339 932 annuenteS,

779 969 1116 1047 premissas
1164 970 1399 1029 litteras
1464 968 1742 1029 annotati
1789 969 1935 1030 olim
1985 969 2226 1029 comitis
2289 969 2628 1028 Alexandri
2691 969 3129 1048 privilegialeS,
3191 987 3328 1046 pre-

776 1077 1055 1136 sentibus
1099 1077 1317 1136 litteris
1364 1076 1591 1136 nostris
1640 1077 1918 1137 similiter
1962 1076 2481 1156 privilegialibus·
2503 1075 2708 1150 inseri,
2757 1095 2832 1138 ac
2881 1076 2961 1135 de
3011 1075 3205 1135 verbo
3257 1075 3337 1134 ad

781 1186 1043 1245 verbum
1092 1185 1538 1263 transsumpmi
1586 1193 1648 1246 et
1693 1185 2024 1246 transcribi
2071 1185 2398 1266 sigilloque
2447 1195 2659 1244 nostro
2723 1184 3003 1245 similiter
3048 1183 3342 1262 pendenti

778 1292 1145 1353 communiri
1192 1293 1496 1366 faciendO,
1546 1293 1783 1353 eisdem
1832 1293 2128 1372 Georgi0,
2176 1292 2510 1353 Valentino
2557 1302 2619 1353 et
2649 1293 2891 1352 Sthank
2941 1311 3015 1352 ac
3043 1291 3335 1351 fratribus

777 1419 994 1460 eorum
1043 1399 1331 1461 duximus
1382 1401 1818 1460 concedendas
1864 1400 2016 1460 iuris
2063 1401 2340 1479 ipsorum
2390 1401 2472 1460 ad
2519 1403 2846 1461 cautelam.
2896 1400 3129 1460 Datum
3178 1399 3334 1460 feria

775 1507 971 1566 tercia
1018 1507 1303 1586 proxima
1349 1516 1492 1586 post
1537 1508 1765 1567 festum
1811 1508 1981 1568 beati
2028 1507 2250 1568 Briccii
2298 1507 2693 1582 confessoriS,
2744 1527 2908 1567 anno
2943 1505 3176 1567 domini
3207 1507 3338 1565 rnil-

777 1615 993 1675 lesirno
1042 1615 1661 1696 quadringentesimo
1706 1615 2037 1676 tricesimo,

994 1756 1037 1808 E
1074 1757 1427 1825 transumpto
1468 1755 1613 1823 regis
1652 1755 1925 1810 Ludovici
1964 1771 2017 1810 a.
2057 1755 2213 1810 1520.
2254 1755 2339 1811 1¹.
2369 1755 2527 1825 iunii,
2569 1755 2718 1824 quod
2748 1751 2934 1809 denuo
2971 1754 3341 1823 transumpsit

772 1846 925 1900 idem
962 1860 1062 1899 rex
1100 1860 1151 1899 a.
1192 1842 1346 1898 1524.
1384 1843 1435 1899 4.
1479 1843 1805 1899 decembris.
1845 1845 1907 1900 ln
1948 1845 2184 1900 archivo
2225 1861 2510 1900 commun.
2549 1845 2680 1898 nob.
2720 1844 2789 1898 de
2828 1843 3150 1914 Turopolje.

998 2007 1011 2035 ¹
1049 2006 1146 2060 sic.

1951 2308 2163 2378 22⁵.

988 2511 1174 2569 Anno
1230 2507 1414 2570 1431.
1466 2508 1522 2569 5.
1571 2508 1879 2569 februarii.
1928 2509 2300 2589 Zagrabiae.

772 2701 1073 2766 Michael
1107 2701 1311 2785 filius
1364 2700 1732 2766 Barnabae
1778 2702 1859 2766 de
1914 2701 2128 2778 Odra,
2175 2722 2399 2766 comes
2450 2701 2698 2788 Campi
2734 2701 3228 2788 Zagrabiensis
3257 2725 3340 2768 ac

774 2788 1165 2893 Stephaioeus
1221 2807 1431 2892 filius
1502 2808 1686 2872 Pedk
1752 2807 1839 2872 do
1887 2808 2264 2885 Lokauech,
2312 2829 2535 2873 comes
2607 2811 2965 2873 terrestris·
3031 2810 3338 2874 eiusdem

778 2914 1043 2998 Campi,
1090 2913 1511 2979 divisionem
1558 2915 2025 3002 quarumdam
2058 2919 2401 2980 terraram
2438 2916 2518 2980 in
2550 2915 2802 2993 Losan,
2848 2937 2930 2979 ac
2959 2916 3336 2980 earundem

772 3022 1223 3086 statutionem
1271 3021 1661 3086 Lowrando
1697 3020 1861 3105 filio
1916 3021 2242 3106 Gyurgek
2285 3025 2350 3086 et
2397 3021 2744 3106 Stephano
2780 3021 2944 3105 filio
2991 3022 3224 3087 Marci
3254 3022 3335 3086 de

1704 3128 1955 3205 Losan,
2003 3129 2156 3193 noti
2144 3127 2388 3212 fleant.

987 3347 1119 3405 Nos
1166 3347 1438 3406 Michael
1484 3345 1645 3405 filius
1692 3346 1984 3405 Barnabe
2033 3346 2110 3403 de
2159 3344 2336 3404 Odra
2383 3363 2594 3404 comes
2628 3343 2853 3423 Campi
2885 3345 3332 3425 Zagrabiensis

774 3473 851 3513 ac
896 3453 1251 3530 Stephanus
1284 3453 1445 3513 filius
1493 3454 1668 3513 Pedk
1700 3454 1779 3513 de
1811 3453 2151 3512 Lokauech
2185 3471 2397 3511 comes
2427 3452 2737 3512 terrestris
2785 3452 3066 3513 eiusdem
3107 3453 3334 3533 Campi

775 3561 1074 3621 memorie
1123 3562 1635 3621 commendamus
1668 3570 1885 3620 tenore
1918 3561 2312 3639 presencium
2360 3560 2786 3640 significantes
2819 3560 3043 3639 quibus
3087 3561 3338 3640 expedit

774 3667 1101 3742 universiS,
1150 3668 1320 3746 quod
1346 3687 1489 3726 cum
1517 3685 1633 3726 nos
1660 3668 1743 3726 ad
1770 3667 2106 3726 instantem
2130 3666 2505 3745 peticionem
2536 3667 2873 3727 Lowrandi
2897 3667 3003 3726 filii
3033 3667 3339 3748 Gyurgek

775 3783 839 3835 et
884 3775 1183 3854 Stephani
1232 3775 1339 3834 filii
1386 3774 1605 3846 Marci,
1652 3774 1951 3834 nobilium
2001 3773 2148 3834 dicti
2194 3773 2422 3853 Campi
2486 3775 2934 3854 Zagrabiensis
2983 3776 3062 3835 de
3109 3777 3336 3850 Losan,

774 3881 954 3942 nobis
1026 3881 1337 3960 condigne
1402 3889 1465 3940 et
1526 3881 1644 3940 iuri
1706 3901 1982 3941 consone
2046 3889 2416 3959 porrectam,
2479 3881 2719 3942 nobiles
2791 3882 2956 3941 viros
3027 3882 3336 3941 Thomam

772 3989 967 4048 filium
1012 3988 1185 4047 Iwan
1232 3988 1310 4047 de
1360 3987 1629 4047 Goricza
1675 3997 1739 4047 et
1783 3989 2009 4064 Elyam
2077 3988 2271 4048 filiurn
2316 3989 2607 4048 Iohannis
2655 3989 2733 4048 de
2781 3989 3006 4048 eadem
3069 3989 3337 4050 Goricza

774 4115 849 4155 ac
895 4095 1305 4155 Benedictum
1353 4095 1547 4154 filium
1596 4094 1855 4175 Georgii
1887 4095 2034 4154 dicti
2065 4096 2407 4156 Ztanchich
2454 4097 2534 4155 de
2565 4096 2884 4174 Superiori
2916 4097 3335 4175 Lompnycza,

774 4202 1141 4282 iobagiones
1190 4210 1437 4261 nostros
1488 4201 1860 4282 fidedignOS,
1911 4202 1990 4262 de
2038 4202 2189 4261 sede
2229 4196 2454 4262 'nostra
2498 4203 2822 4263 iudiciaria
2868 4203 3052 4263 solita
3095 4205 3333 4284 Zagra—

770 4312 987 4386 biensi‚
1033 4310 1191 4370 feria
1236 4309 1527 4370 videlicet
1574 4311 1853 4370 secunda
1898 4310 2182 4388 proxima
2235 4318 2378 4370 ante
2425 4309 2654 4370 festum
2702 4311 3127 4370 conversionis
3167 4312 3338 4376 beati

771 4419 951 4478 Pauli
998 4418 1279 4496 apostoli,
1326 4437 1493 4477 nunc
1539 4417 1817 4495 proxime
1865 4418 2246 4497 preteritum,
2298 4418 2388 4477 ad·
2403 4416 2858 4496 infrascriptam
2906 4419 3334 4496 possessiona-

774 4526 931 4585 riam
978 4525 1304 4585 sorcialem
1355 4523 1723 4583 divisionem
1771 4531 1833 4583 et
1876 4525 2288 4585 statucionem
2335 4524 2686 4585 faciendam
2718 4525 2995 4605 legitime
3029 4525 3334 4586 destinas-

772 4651 1015 4709 semus;
1079 4632 1338 4691 tandem
1383 4631 1571 4691 iidem
1636 4630 2006 4711 iobagiones
2055 4632 2250 4691 nostri
2315 4631 2615 4710 fidedigni
2662 4631 2725 4690 in
2777 4631 3106 4711 quindenis
3172 4633 3335 4692 dicte

771 4739 927 4800 ferie
974 4739 1250 4799 secunde
1298 4738 1521 4798 exinde
1588 4739 1669 4798 ad
1717 4758 1833 4798 nos
1880 4737 2134 4812 reversi,
2183 4747 2247 4798 et
2291 4757 2407 4816 per
2465 4757 2581 4798 nos
2649 4738 2978 4818 diligenter
3041 4739 3334 4817 requisiti,

773 4846 952 4906 nobis
997 4865 1156 4906 voce
1203 4865 1483 4906 consona
1544 4847 1886 4906 retulerunt
1934 4865 2011 4906 eo
2059 4847 2263 4922 mod0‚
2311 4854 2380 4905 ut
2425 4846 2542 4924 ipsi
2599 4845 2767 4906 iuxta
2832 4846 3333 4906 commissionem

770 4962 1049 5014 nostram
1114 4954 1561 5029 litteratoriam,
1628 4953 1781 5032 ipsis
1842 4973 1955 5032 per
2005 4974 2122 5044 nos
2181 4954 2515 5034 superinde
2577 4953 2826 5028 factam,
2889 4953 3044 5014 feria
3107 4963 3330 5032 quarta
