3917 5592
2033 680 2178 753 ⁵9.

1036 884 1219 942 Anno
1276 880 1459 943 1346.
1518 881 1611 944 16.
1662 885 1823 943 maii.

828 1074 1227 1158 Capitulum
1279 1076 1598 1141 ecclesiae
1644 1076 2144 1160 Zagrabiensis
2201 1076 2615 1161 praecedens
2661 1076 3144 1141 documentum
3195 1078 3383 1139 trau-

1978 1184 2215 1248 sumit.

1038 1382 1217 1460 [N]os
1281 1384 1619 1462 capitulum
1668 1384 1931 1444 ecclesie
1994 1382 2441 1463 Zagrabiensis
2490 1382 2917 1463 significamus
2983 1390 3198 1443 tenore
3243 1401 3381 1461 pre-

821 1488 1099 1550 sencium
1158 1490 1383 1568 quibus
1441 1491 1691 1569 expedit
1738 1491 2063 1565 vniuersiS,
2137 1492 2306 1569 quod
2369 1510 2534 1551 anno
2598 1490 2830 1551 domini
2891 1490 3216 1550 millesimo
3263 1498 3383 1549 tre-

820 1598 1163 1658 centesimo
1211 1598 1700 1679 quadragesimo
1750 1606 1945 1673 sext0,
1993 1598 2148 1657 seria
2195 1598 2390 1659 tercia
2435 1599 2720 1677 proxima
2773 1607 2915 1676 post
2959 1598 3189 1659 festum
3233 1597 3381 1656 bea-

820 1714 1025 1763 torum
1072 1704 1261 1765 Nerei
1310 1714 1373 1765 et
1419 1704 1661 1766 Achilei
1706 1706 2048 1780 martirum,
2099 1706 2179 1765 ad
2226 1706 2599 1784 peticionem
2649 1706 2890 1765 comitis
2939 1704 3232 1785 Gregorii
3277 1702 3382 1762 filii

818 1812 1119 1891 Stephani
1188 1820 1472 1872 tenorem
1541 1813 1933 1891 quarundam
2003 1812 2322 1872 literarum
2391 1822 2773 1887 nostrarum,
2859 1811 3378 1871 excellentissimo

818 1919 1079 1997 principi
1126 1919 1378 1978 domino
1448 1920 1766 1979 Lodouico
1832 1920 1932 1979 dei
1981 1919 2198 2001 gracia
2257 1920 2393 1998 regi
2463 1919 2788 1999 Hungarie
2844 1918 3236 1991 directarum,
3304 1916 3382 1975 de

822 2027 1012 2086 verbo
1060 2027 1141 2086 ad
1188 2026 1451 2087 verbum
1498 2027 1893 2105 presentibus
1942 2027 2133 2086 inseri
2163 2026 2424 2087 fecimus
2473 2035 2536 2086 et
2582 2026 2776 2086 nostri
2822 2026 3153 2104 pendentis
3201 2024 3384 2103 sigilli

818 2134 1155 2194 munimine
1205 2134 1501 2194 roborari.
1594 2135 1879 2211 Quarum
1926 2134 2178 2213 quidem
2233 2134 2552 2193 literarum
2599 2142 2952 2193 nostrarum
3014 2141 3195 2192 tenor
3241 2130 3382 2190 talis

820 2252 944 2303 est:
996 2241 1245 2317 (Vide
1292 2244 1887 2320 praecedens
1934 2243 2116 2302 doc.
2167 2238 2830 2303 a.1346.12.maii
2880 2241 3042 2299 sub
3091 2234 3382 2315 N0.59.).

1031 2381 1315 2449 Originale
1360 2384 1803 2444 membraneum,
1843 2398 1878 2435 a
1916 2398 2029 2451 quo
2067 2382 2275 2451 pendet
2301 2381 2484 2435 solum
2524 2381 2695 2434 rubra
2731 2379 2947 2434 sericea
2983 2395 3129 2431 zona
3165 2379 3378 2445 absque

820 2471 1021 2539 sigillo.
1079 2470 1143 2524 In
1183 2471 1417 2527 archivo
1456 2487 1755 2539 regnorum
1794 2469 1851 2525 C.
1892 2470 1947 2524 S.
1987 2475 2042 2525 et
2079 2471 2170 2526 D.:
2226 2470 2358 2525 Doc.
2399 2470 2544 2523 med.
2583 2470 2710 2524 aevi
2750 2486 2801 2529 a,
2842 2468 3014 2535 1342„
3055 2468 3190 2522 olim
3243 2468 3384 2520 Acta

820 2563 1061 2615 monast.
1099 2559 1453 2615 Remetensis
1492 2560 1624 2614 fasc.
1664 2560 1714 2616 1.
1756 2560 1857 2615 No,
1896 2562 1945 2617 7.

2027 2879 2172 2950 80.

1036 3080 1218 3138 Anno
1276 3075 1460 3139 1346.
1509 3076 1569 3138 6.
1618 3077 1994 3139 novembris,
2042 3079 2414 3157 Zagrabiae.

822 3272 1071 3337 Coram
1121 3271 1302 3336 Iuan
1337 3270 1500 3356 filio
1548 3270 1875 3355 Bogdani
1920 3272 2168 3335 comite
2215 3272 2550 3347 terrestri,
2599 3270 2860 3335 nobiles
2905 3271 2987 3335 de
3033 3270 3383 3335 Mraczlin

818 3384 1081 3444 terram
1128 3400 1368 3445 eorum
1415 3378 1959 3443 haereditariam
2009 3378 2497 3462 Rakythowecz
2542 3378 2624 3442 de
2673 3378 3051 3443 Cordozlao
3096 3382 3162 3443 et
3195 3377 3385 3463 filiis

1820 3484 1978 3549 suis
2023 3478 2356 3549 eximunt.

1032 3684 1165 3745 Nos
1220 3685 1531 3745 terrestris
1606 3681 2042 3763 iobagionibus
2107 3682 2412 3743 nobilibus
2461 3683 2648 3743 castri
2716 3683 3162 3763 Zagrabiensis
3229 3684 3381 3743 Iuan

817 3791 979 3851 filius
1040 3792 1329 3871 Bogdani
1393 3792 1617 3851 damus
1666 3790 1729 3849 in
1783 3790 2148 3849 memoriam
2217 3790 2443 3867 quibus
2503 3790 2753 3868 expedit
2815 3790 3141 3865 vniuersis,
3211 3790 3380 3868 quod

823 3918 965 3959 cum
1015 3898 1094 3959 ab
1143 3917 1269 3956 vna
1314 3905 1491 3975 parte
1539 3894 1779 3955 nobiles
1812 3896 1890 3956 de
1922 3896 2242 3969 Mraczlin‚
2291 3898 2370 3956 ab
2419 3899 2614 3957 altera
2653 3897 3009 3957 Cordozlau
3055 3916 3198 3956 cum
3243 3895 3383 3955 filiis

818 4007 948 4066 suis
996 4006 1243 4065 Thoma
1273 4012 1335 4064 et
1364 4004 1624 4063 Nicolao
1672 4002 1943 4063 confessi
1989 4010 2135 4063 sunt
2181 4023 2392 4063 coram
2439 4004 2619 4064 nobis
2667 4005 2776 4072 tali
2821 4005 3039 4065 modo:
3095 4003 3385 4065 videlicet

818 4114 1005 4173 iidem
1054 4110 1293 4170 nobiles
1361 4112 1438 4170 de
1504 4110 1808 4169 Mraczlin
1856 4120 2223 4170 exemerunt
2268 4119 2498 4171 terram
2548 4131 2763 4171 eorum
2825 4112 3267 4172 hereditariam
3321 4111 3382 4170 in

818 4220 1283 4297 Rakythowecz
1333 4218 1699 4277 existentem
1732 4218 1809 4280 de
1841 4216 2238 4276 Cordozlauo
2287 4226 2348 4277 et
2380 4219 2458 4277 de
2488 4218 2630 4278 filiis
2678 4220 2806 4278 suis
2839 4218 3383 4297 supranominatiS,

817 4335 1118 4405 quantum
1165 4325 1333 4385 idem
1381 4324 1765 4384 Cordoslaus
1815 4324 2101 4383 ostendit.
2193 4325 2370 4383 Meta
2418 4333 2626 4385 autem
2673 4326 2856 4385 huius
2928 4334 3092 4385 terre
3139 4332 3385 4385 constat

818 4434 938 4493 sic:
1010 4434 1071 4492 in
1140 4434 1350 4492 Parua
1414 4432 1653 4491 Glosna
1724 4431 1937 4509 incipit
2000 4438 2062 4491 et
2137 4432 2310 4491 vadit
2380 4432 2460 4491 ad
2529 4440 2778 4507 metam,
2849 4452 2968 4511 que
3033 4442 3131 4493 est
3189 4451 3384 4511 prope

817 4549 1091 4618 puteum,
1166 4548 1228 4599 et
1273 4539 1417 4599 inde
1467 4538 1665 4597 tendit
1728 4539 1806 4597 ad
1869 4538 2157 4597 arborem
2203 4557 2506 4617 magnum
2553 4558 2816 4613 merase,
2889 4547 2951 4599 et
2996 4540 3140 4599 inde
3189 4538 3388 4598 tendit

818 4648 899 4707 ad
930 4647 1235 4709 minorem
1284 4645 1572 4705 arborem
1603 4664 1867 4719 merase,
1916 4664 2038 4723 que
2087 4645 2276 4704 estin
2311 4646 2623 4705 communi
2671 4654 2856 4720 meta,
2905 4653 2967 4706 et
2995 4647 3139 4706 inde
3187 4646 3388 4705 tendit

819 4757 898 4815 ad
948 4762 1179 4815 metam
1247 4763 1535 4827 terream,
1608 4772 1729 4831 que
1786 4760 2032 4812 constat
2078 4752 2138 4811 in
2187 4752 2444 4813 circuitu
2509 4753 2746 4813 arboris
2793 4753 3044 4829 hrastie‚
3115 4762 3180 4813 et
3239 4753 3384 4812 inde

816 4861 988 4921 vadit
1034 4880 1145 4939 per
1192 4860 1359 4919 viam
1430 4859 1744 4939 publicam
1792 4868 1853 4919 et
1901 4859 2067 4918 cadit
2129 4860 2190 4918 in
2254 4861 2429 4920 chret
2475 4868 2766 4921 vocatum
2831 4861 3055 4935 Desee,
3131 4869 3193 4920 et
3239 4860 3386 4919 inde

818 4967 991 5028 vadit
1038 4969 1203 5028 circa
1252 4969 1521 5028 eundem
1572 4967 1747 5027 chret
1792 4973 1855 5027 et
1902 4967 2072 5025 venit
2104 4967 2183 5025 ad
2218 4968 2514 5045 angulum
2567 4966 2846 5026 eiusdem
2893 4968 3082 5043 chret,
3132 4968 3238 5025 vbi
3287 4976 3385 5027 est
