3917 5592
788 471 920 536 406

797 689 966 750 viam
1013 708 1126 750 seu
1158 696 1390 748 terram
1435 687 1701 748 filiorum
1748 707 1864 747 seu
1904 686 2210 749 heredum
2257 686 2481 767 prefati
2542 683 2793 765 Kyrini⁴
2841 706 2879 746 a
2910 684 3353 766 septemtrione

797 797 998 872 sitam,
1061 795 1342 856 habitam
1407 802 1470 855 et
1537 795 1925 870 existentem,
1987 800 2191 875 ipsum
2260 794 2494 856 scilicet
2561 795 2881 856 dominum
2953 795 3002 853 F
3004 794 3355 855 ranciscum

792 906 926 966 iure
957 903 1333 964 hereditario
1367 911 1863 978 concernentem,
1897 903 2080 963 simul
2106 923 2247 992 cum
2282 903 2521 964 cunctis
2552 903 2833 964 eiusdem
2865 903 3161 964 sessionis
3195 949 3207 964 .
3242 948 3257 964 .
3290 948 3303 962 .
3340 946 3355 962 .

793 1019 856 1073 et
900 1010 1080 1072 terris
1127 1010 1583 1089 campestribus
1631 1030 1744 1071 seu
1794 1007 2164 1070 arabilibus⁶
2210 1010 2589 1085 utilitatibus,
2651 1010 2885 1085 usibus,
2932 1009 3355 1088 proventibuS,

791 1117 1322 1178 fructuositatibus
1388 1125 1450 1178 et
1517 1117 1914 1196 pertinenciis
1979 1118 2057 1177 de
2122 1117 2255 1177 iure
2320 1117 2745 1197 spectantibus
2792 1124 2856 1177 et
2900 1124 3187 1196 spectare
3248 1114 3354 1176 de-

791 1225 1098 1301 bentibuS,
1156 1223 1398 1303 prefato
1458 1225 1647 1286 Petro
1709 1224 1997 1301 litterate,
2046 1224 2217 1286 affini
2279 1233 2339 1284 et
2386 1225 2857 1306 consang-vineo
2921 1211 3053 1299 su0,
3102 1223 3359 1284 donavit

795 1341 858 1394 et
900 1332 1254 1412 propinavit
1285 1351 1496 1393 coram
1535 1333 1716 1393 nobis
1747 1332 1879 1393 iure
1925 1340 2229 1412 perpetuo
2262 1340 2325 1393 et
2370 1331 2855 1393 irrevocabiliter
2892 1331 3355 1411 possidendam,

794 1440 1129 1503 tenendam
1175 1440 1407 1519 pariter
1453 1449 1515 1501 et
1558 1441 1932 1514 habendam,
1982 1459 2057 1501 ac
2088 1440 2602 1502 testamentaliter
2630 1440 2883 1522 legavit,
2930 1448 3115 1520 prout
3159 1459 3237 1500 ex
3262 1447 3350 1500 te-

796 1557 1105 1610 stamento
1151 1549 1376 1628 prefati
1421 1549 1655 1610 domini
1698 1550 1750 1609 F
1752 1549 2034 1624 rancisci,
2083 1547 2365 1610 canonici
2394 1549 2658 1610 ecclesie
2686 1549 3131 1631 Zagrabiensis
3180 1565 3357 1608 acce-

799 1658 1021 1738 pimus,
1067 1658 1137 1717 In
1185 1657 1360 1718 cuius
1420 1657 1512 1718 rei
1557 1657 1923 1719 memoriam
1972 1665 2160 1738 atque
2205 1657 2629 1718 testimonium
2692 1657 3170 1736 firmitatemque
3216 1673 3355 1735 per-

794 1773 1066 1845 petuam,
1138 1765 1533 1844 presentibus
1598 1764 1802 1846 sigilla
1847 1773 2063 1826 'nostra
2126 1767 2205 1826 de
2268 1784 2443 1828 more
2505 1765 2661 1826 alias
2723 1772 3023 1826 consveto
3070 1763 3359 1825 duximus

798 1872 1230 1951 appendenda.
1279 1872 1512 1932 Datum
1557 1872 1889 1954 Zagrabie,
1935 1872 2092 1934 feria
2140 1874 2419 1934 secunda
2466 1872 2748 1952 proxima
2799 1881 2959 1934 ante·
2990 1873 3219 1932 festum
3252 1869 3359 1930 Ni-

796 1979 957 2040 colai
1004 1979 1282 2059 episcopi
1327 1987 1391 2040 et
1436 1979 1829 2056 confessoriS,
1878 1999 2045 2042 anno
2091 1980 2323 2041 domini
2371 1980 2705 2041 millesimo.
2744 1977 3362 2060 quadringentesimo

799 2086 1196 2167 sexagesimo
1240 2087 1458 2166 prim0.

1011 2225 1053 2279 E
1088 2241 1356 2295 processu
1395 2242 1445 2281 a.
1485 2225 1641 2283 1705.
1695 2243 1887 2282 coram
1929 2227 2217 2283 Ludovico
2258 2227 2485 2298 Vagich‚
2526 2227 2732 2283 comite
2769 2231 2897 2283 terr.
2938 2224 3136 2296 Campi
3186 2225 3360 2279 Turo-

795 2315 953 2387 polje
987 2319 1164 2371 moto,
1201 2316 1366 2386 Apud
1403 2317 1654 2372 nobilem
1691 2317 2002 2373 Barbarum
2040 2317 2305 2388 Stepanie
2341 2317 2401 2372 in
2438 2317 2599 2373 Inter.
2638 2317 2912 2372 Lomnica
2948 2315 3051 2373 No.
3090 2315 3178 2371 55.

1019 2496 1034 2524 ¹
1073 2494 1156 2550 sic
1193 2493 1425 2564 (laneo).
1468 2495 1487 2524 ²
1524 2495 1584 2549 in
1611 2495 1719 2549 hac
1744 2495 1892 2550 thesi
1919 2493 2145 2550 termini
2173 2494 2533 2566 »proposuit«
2556 2497 2648 2550 vel
2681 2494 2882 2549 ‘dixitc
2912 2498 3011 2549 aut
3042 2495 3366 2549 ›confessus

800 2587 888 2638 est
913 2600 982 2637 eo
1008 2584 1235 2654 modo«,
1277 2583 1450 2639 deest.
1491 2584 1512 2614 ³
1547 2583 1629 2639 sic
1668 2582 1990 2654 (vocatam).
2030 2584 2051 2613 ⁴
2088 2584 2185 2639 uic.
2228 2586 2247 2613 ⁵
2284 2585 2366 2640 sic
2393 2583 2561 2655 (terre
2598 2584 2931 2653 campestris
2968 2599 3069 2638 seu
3096 2581 3366 2653 arabilis).

1019 3105 1205 3166 Anno
1261 3101 1446 3166 1461.
1503 3102 1598 3166 10.
1648 3055 1917 3186 aug-usti.
1965 3106 2336 3188 Zagrabiae.

817 3299 1069 3364 Coram
1117 3297 1331 3364 Ianko
1377 3296 1458 3362 de
1503 3295 1950 3384 Mycchowch‚
1999 3297 2246 3362 comite
2282 3296 2531 3384 Campi
2560 3296 3053 3384 Zagrabiensis
3098 3318 3179 3362 ac
3232 3295 3359 3363 Ge·

807 3407 1008 3492 orgio
1039 3403 1431 3491 Ztanchych
1458 3405 1543 3470 de
1572 3400 1813 3490 Super.
1848 3404 2250 3482 Lukawech,
2284 3406 2533 3471 comite
2563 3409 2726 3472 terr.
2757 3404 3067 3471 eiusdem
3098 3404 3362 3490 Campi,

805 3512 1279 3580 controversia
1309 3513 1582 3577 ratione
1621 3513 2146 3596 possessionum
2193 3511 2360 3598 Bog,
2408 3512 2966 3598 Rakythowycha,
3013 3516 3077 3577 et
3130 3511 3363 3597 Craly-

807 3616 1023 3706 chyno
1053 3619 1459 3705 Brodysche,
1508 3622 1697 3687 inter
1735 3618 2127 3685 Fabianum
2159 3618 2426 3705 Myxyk‚
2469 3619 2925 3705 presbiterum
2973 3618 3057 3684 ab
3102 3639 3267 3699 una,
3299 3623 3365 3684 et

809 3727 1184 3793 Nicolaum
1203 3725 1448 3811 filium
1481 3725 1711 3804 Elkae,
1749 3725 1954 3811 filiae
2002 3725 2215 3792 Pauli
2260 3725 2343 3791 de
2390 3725 2555 3813 Sup.
2604 3727 2997 3814 Lomnycza
3029 3725 3113 3791 ab
3142 3725 3366 3791 altera

1421 3857 1426 3862 ·
1597 3837 1797 3919 parte
1841 3837 2133 3912 vertam,
2180 3833 2572 3901 dirimitur.

1028 4033 1161 4095 Nos
1205 4034 1400 4095 Ianko
1447 4032 1528 4094 de
1573 4033 1987 4111 Mycchowch
2036 4036 2269 4113 [comes
2332 4033 2581 4116 Campi]
2629 4036 3073 4118 Zagrabiensis
3122 4056 3197 4099 ac
3242 4037 3367 4100 Ge-

820 4143 1037 4224 orgius
1105 4143 1268 4203 fili-us
1339 4143 1609 4203 condam
1677 4141 2001 4203 Benedicti
2067 4143 2428 4222 Ztanchych
2493 4144 2573 4204 de
2633 4143 2951 4224 Superiori
3010 4145 3369 4207 Lukawech

821 4259 1038 4312 'comes
1083 4239 1395 4310 terrestris
1428 4249 1708 4310 eiusdem
1741 4247 1971 4328 Campi
2015 4251 2314 4312 memorie
2344 4253 2855 4313 commendamus
2886 4271 3000 4330 per
3028 4262 3370 4331 presenteS,

823 4358 995 4437 quod
1038 4358 1205 4435 [cum
1253 4355 1433 4417 nobis
1479 4351 1656 4462 feria]
1707 4356 1987 4416 secunda
2017 4357 2302 4436 proxima
2334 4367 2478 4419 ante
2524 4359 2753 4418 festum
2800 4359 2882 4420 ad
2927 4358 3177 4420 vincula
3203 4360 3372 4420 beati

819 4460 990 4526 Petri
1031 4455 1322 4539 martiris,
1367 4471 1568 4523 nunc
1578 4462 1862 4542 proxime
1892 4463 2272 4542 preteritum,
2318 4465 2381 4526 in
2428 4467 2579 4527 sede
2626 4473 2841 4526 nostra
2886 4465 3222 4540 iudiciaria,
3270 4485 3369 4526 so-

817 4563 938 4633 lita
973 4571 1404 4652 Zagrabiensi‚
1450 4563 1518 4631 in
1559 4569 1786 4632 iudicio
1835 4590 1948 4651 pro
1995 4563 2283 4634 tribunali
2348 4573 2709 4634 sedentibus
2772 4593 3124 4654 causasque
3186 4595 3369 4636 cunc-

819 4688 1026 4740 torum
1071 4689 1286 4740 coram
1308 4678 1514 4738 -uobis
1558 4673 1946 4759 litigancium
2003 4679 2167 4741 iusto
2213 4680 2362 4741 iuris
2409 4681 2689 4742 tramite·
2703 4671 3202 4758 discucientibus,
3250 4682 3373 4742 dis·

822 4793 1029 4847 cretus
1076 4784 1176 4846 vir·
1231 4777 1522 4847 dominus
1581 4785 1898 4848 Fabianus
1960 4787 2284 4866 presbiter,
2348 4787 2413 4849 in
2472 4807 2591 4848 sua
2637 4795 2701 4848 et
2746 4788 3085 4864 Benedicti,
3148 4790 3373 4866 Iacobi,

823 4891 1168 4954 Clementis
1214 4885 1276 4954 e‘t
1321 4885 1491 4954 Petri
1533 4892 1795 4955 fratrum
1827 4913 2084 4955 suorum
2128 4895 2454 4970 iuniorum,
2497 4894 2879 4955 uterinorum
2926 4903 2989 4956 et
3034 4896 3375 4957 carnalium

825 4999 1146 5078 personis,
1161 4991 1462 5060 'filiorum'
1477 4999 1746 5061 condam
1775 4999 2062 5079 Dyonisii
2106 5003 2214 5063 filii
2246 4994 2505 5083 Georgii
2550 5001 2657 5063 filii
2688 5001 2930 5063 Nicolai
2962 5002 3107 5063 dicti
3140 5003 3377 5081 Myxyk
