3917 5592
2977 422 3106 485 225

540 640 671 692 tato
718 633 915 692 Paulo
977 651 1213 714 magno
1278 634 1564 707 cambite‚
1633 653 1747 712 per
1811 636 2204 714 eandemque
2253 644 2485 696 metam
2551 637 2613 695 in
2660 638 2826 696 bono
2893 638 3106 715 spacio

540 739 772 799 directe
814 741 895 799 ad
943 741 1513 818 septemtrionalem
1560 743 1814 821 plagam
1875 742 2191 802 tendendo
2240 751 2302 802 et
2348 745 2843 821 pertranseundo
2914 763 3102 803 unam

539 845 725 917 viam,
772 845 959 905 intrat
1006 847 1067 905 in
1132 847 1391 907 fluvium
1460 848 1863 926 Lompnycza
1936 859 2233 909 vocatum
2293 849 2357 909 in
2417 851 2642 924 locum,
2711 850 2816 929 qui
2882 851 3105 910 dicitur

535 953 1140 1030 Ztharobrodysche,
1205 956 1283 1014 ab
1332 955 1475 1014 hinc
1520 976 1633 1034 per
1679 956 2012 1016 decursum
2069 976 2232 1036 aque
2296 957 2577 1018 eiusdem
2639 957 2810 1018 fluvii
2873 960 3100 1037 Lomp-

537 1082 741 1139 nycza
777 1063 857 1122 ad
889 1062 1191 1123 orientem
1209 1065 1233 1098 ¹·
1275 1065 1531 1144 plagam
1578 1064 1641 1124 in
1687 1083 1921 1145 magno
1956 1064 2170 1142 spacio
2217 1083 2331 1144 per
2377 1084 2604 1145 gyrum
2637 1066 3094 1138 descendend0‚

538 1169 711 1228 venit
758 1169 838 1228 ad
870 1168 1102 1230 vadum
1149 1169 1211 1229 in
1260 1170 1484 1230 eodem
1514 1171 1706 1230 fluvio
1752 1170 1816 1230 in
1864 1172 2150 1250 opposito
2185 1171 2510 1231 cuiusdam
2541 1169 2839 1232 sessionis
2871 1172 3092 1232 Zthra-

536 1276 863 1336 howozelo
912 1277 1092 1352 dicte,
1141 1297 1217 1336 ex
1266 1277 1614 1356 eodemque
1663 1279 1827 1338 vado
1874 1297 1988 1356 per
2034 1277 2198 1338 viam
2250 1297 2548 1358 magnam
2595 1277 2908 1358 publicam
2959 1279 3098 1352 exit,

534 1404 658 1463 que
706 1383 925 1443 dividit
956 1392 1156 1445 metas
1205 1394 1268 1444 et
1311 1393 1511 1446 terras
1558 1386 1719 1446 dicte
1759 1386 2176 1464 possessionis
2205 1386 2463 1446 Inferior
2490 1388 2885 1461 kaewech‚
2917 1388 3096 1447 Book

537 1499 813 1564 vocataS,
862 1511 899 1550 a
947 1491 1197 1566 dextriS,
1246 1500 1309 1551 et
1354 1500 1554 1553 metas
1608 1493 1865 1552 Interior
1896 1494 2300 1572 Lompnycza
2347 1512 2383 1552 a
2417 1493 2697 1568 sinistriS,
2745 1513 2856 1572 per
2904 1513 3094 1574 quam

534 1598 599 1657 in
646 1599 813 1658 bono
876 1599 1091 1677 spacio
1152 1601 1532 1660 transeundo
1592 1601 1877 1678 pervenit
1925 1601 2007 1660 ad
2053 1608 2402 1678 pretactum
2459 1601 2718 1660 fluvium
2779 1600 3093 1660 Dobowa-

534 1705 761 1778 mlaka,
823 1713 887 1765 et
933 1725 1129 1784 penes
1178 1707 1445 1766 eundem
1494 1705 1631 1786 ipsa
1678 1707 1783 1767 via
1829 1707 2078 1767 divertit
2125 1709 2206 1768 ad
2252 1709 2506 1788 plagam
2569 1707 2730 1767 inter
2790 1708 3094 1767 orientem

532 1820 595 1871 et
665 1810 1133 1872 meridionalem
1191 1814 1531 1890 hyemaleS‚
1594 1814 1801 1893 ibique
1877 1833 2102 1892 parum
2165 1814 2606 1874 descendendo
2669 1813 2811 1874 salit
2885 1813 3090 1892 ipsum

524 1918 807 1994 fluvium,
872 1919 1133 2001 ipsaque
1195 1921 1299 1980 via
1346 1920 1579 1982 directe
1638 1922 1721 1981 ad
1782 1921 2252 1982 meridionalem
2313 1923 2570 2002 plagam
2631 1941 2826 1999 penes
2887 1929 3088 1980 terras

529 2027 755 2104 prefati
802 2027 993 2087 Blasii
1040 2027 1314 2088 Kobolth
1361 2030 1442 2088 ad
1489 2028 1805 2090 sinistram
1851 2049 1966 2090 seu
2013 2029 2378 2089 orientalem
2442 2035 2685 2106 partem
2735 2027 3090 2102 existenteS,

530 2153 566 2192 a
614 2133 840 2213 quibus
888 2135 1111 2194 eadem
1158 2135 1261 2195 via
1328 2135 1559 2196 directe
1608 2137 1690 2196 ad
1734 2145 2083 2215 pretactam
2146 2136 2616 2196 meridionalem
2677 2136 2934 2215 plagam
2979 2152 3093 2213 per

526 2243 741 2318 sylvas
793 2242 872 2301 ab
919 2242 1289 2303 occidentali
1336 2243 1529 2321 ipsius
1576 2244 1837 2304 Inferior
1884 2245 2282 2318 kaawech,
2331 2244 2410 2304 ab
2460 2244 2745 2303 orientali
2790 2263 2940 2303 vero
2988 2245 3084 2303 In-

521 2349 709 2409 ferior
740 2351 1143 2428 Lompnycza
1175 2351 1529 2427 existenteS,
1560 2354 1798 2412 Losecz
1833 2361 2109 2426 vocataS,
2156 2352 2556 2427 transeundo,
2602 2353 2792 2420 intrat
2837 2350 2898 2411 in
2947 2371 3086 2430 pre-

522 2455 826 2534 scriptum
870 2457 1131 2518 fluvium
1164 2459 1562 2534 kaawech,
1611 2480 1685 2518 ex
1735 2480 1859 2539 quo
1892 2461 2066 2520 vadit
2113 2467 2175 2520 et
2221 2459 2409 2519 intrat
2454 2459 2518 2518 in
2565 2459 2830 2519 rivulum
2863 2460 3080 2519 Mozo-

523 2565 769 2641 chanya
843 2573 1153 2638 vocatum,
1225 2566 1331 2644 qui
1396 2565 1674 2629 similiter
1746 2566 2071 2646 distingvit
2129 2566 2563 2644 possessiones
2611 2567 2936 2643 Kysobres
3003 2587 3078 2626 ac

522 2673 734 2748 sylvas
781 2680 911 2732 tam
959 2672 1242 2732 eiusdem
1288 2693 1479 2752 quam
1527 2673 1727 2733 eciam
1780 2673 2040 2733 Inferior
2086 2675 2488 2751 Lompnycza
2538 2674 2617 2734 ab
2667 2673 2952 2734 orientali
3019 2683 3082 2734 et

519 2779 778 2839 Inferior
806 2781 1185 2840 kaawech
1234 2781 1313 2840 ab
1363 2780 1749 2855 occidentali,
1798 2789 2016 2841 contra
2044 2781 2222 2842 cuius
2256 2801 2508 2842 cursum
2555 2781 2618 2840 in
2666 2801 2901 2862 magno
2936 2802 3077 2860 spa-

521 2885 617 2944 cio
664 2905 887 2946 versus
934 2886 1257 2946 meridiem
1303 2888 1719 2966 procedendo,
1784 2907 2000 2948 rursus
2067 2889 2238 2948 venit
2282 2888 2365 2949 ad
2410 2896 2759 2966 pretactum
2822 2889 3082 2948 fluvium

516 2994 947 3070 Peschenyak,
996 3001 1229 3054 metam
1262 2995 1499 3055 scilicet
1525 2996 1697 3073 prius
1724 2996 2127 3069 nominatam,
2173 2995 2381 3075 ibique
2415 3004 2582 3056 mete
2613 2995 2895 3055 eiusdem
2940 3015 3081 3074 pos-

516 3101 817 3160 sessionis
873 3101 1313 3177 terminantur;
1363 3121 1549 3180 quam
1598 3103 1851 3181 quidem
1895 3102 2362 3182 possessionem
2401 3103 2660 3162 inferior
2706 3102 3084 3163 kaawech

514 3208 685 3268 idem
732 3209 921 3268 homo
970 3208 1199 3288 regiuS,
1248 3209 1414 3268 dicto
1447 3217 1660 3269 nostro
1692 3211 2050 3270 testimonio
2097 3218 2406 3288 presente,
2455 3229 2530 3270 ac
2577 3210 2777 3270 eciam
2810 3211 3077 3289 presrip-

517 3316 599 3376 tis
646 3315 867 3375 vicinis
916 3323 978 3375 et
1027 3317 1473 3377 commetaneis
1538 3318 1951 3396 presentibuS,
2019 3319 2208 3377 modo
2265 3318 2571 3396 premisso
2629 3318 3082 3377 reambulatam

516 3431 578 3481 et
626 3423 703 3482 ab
738 3422 1001 3482 aliorum
1028 3422 1263 3483 iuribus
1296 3423 1811 3501 possessionariis
1844 3425 2156 3485 metaliter
2187 3434 2544 3503 separatam
2593 3435 2654 3484 et
2701 3424 3075 3499 distinctam,

513 3530 865 3608 reliquisset
896 3531 1256 3592 memoratis
1308 3531 1609 3608 Dyonisio
1656 3533 1933 3608 Myxych
1983 3551 2058 3592 ac
2103 3532 2246 3591 Vito
2294 3533 2418 3592 filio
2465 3532 2614 3591 Wlk
2661 3541 2723 3592 et
2769 3531 3078 3612 Gregorio

511 3637 1021 3714 Zthanylowych,
1108 3639 1542 3715 generacionis
1621 3639 1855 3698 scilicet
1938 3640 2229 3712 Lewcha,
2295 3639 2738 3717 statuissetque
2809 3640 3074 3699 eandem

513 3743 753 3804 eisdem
800 3745 1261 3824 heredibusque
1310 3754 1372 3805 et
1418 3746 1881 3824 posteritatibus
1928 3747 2206 3824 ipsorum
2253 3746 2559 3806 universis
2607 3745 2740 3806 iure
2786 3745 2938 3825 ipsis
2986 3746 3074 3806 in-

517 3851 833 3911 cumbenti
879 3860 1182 3930 perpetuo
1213 3853 1673 3930 possidendam,
1725 3854 1891 3912 nullo
1920 3853 2168 3931 penitus
2201 3852 2653 3913 contradictore
2701 3853 2849 3913 inibi
2883 3873 3074 3932 appa-

512 3967 704 4033 rente,
762 3959 895 4019 'imo
958 3959 1329 4038 supradictis
1392 3960 1611 4021 vicinis
1676 3961 1794 4038 ipsi
1858 3961 2067 4020 metali
2140 3960 2624 4020 reambulacioni
2689 3979 2803 4039 per
2866 3961 3074 4021 omnia

511 4066 1053 4126 consencientibus
1117 4075 1179 4127 et
1240 4069 1407 4126 nullo
1473 4068 1720 4146 penitus
1782 4067 2264 4142 contradicente,
2328 4067 2619 4148 legitimis
2668 4076 2730 4128 ct
2776 4069 3072 4147 congruis

513 4174 734 4234 diebus
784 4175 845 4233 in
893 4175 1115 4234 eadem
1147 4176 1546 4253 possessione
1579 4175 1837 4235 inferior
1866 4177 2265 4249 kaawech,
2299 4176 2470 4236 iuxta
2515 4175 2694 4256 regni
2742 4184 3070 4237 consvetu·

514 4281 741 4356 dinem,
790 4282 941 4359 ipsis
988 4283 1164 4362 regio
1214 4293 1275 4342 et
1320 4295 1533 4344 nostro
1567 4284 1918 4344 hominibus
1969 4285 2476 4364 permanentibus
2525 4292 2588 4344 et
2635 4302 2873 4343 moram
2925 4303 3068 4343 con·

513 4390 750 4449 tinuam
800 4392 1318 4468 protrahentibus
1385 4393 1454 4451 In
1501 4393 1677 4452 cuius
1726 4393 1813 4453 rei
1871 4394 2236 4453 memoriam
2286 4403 2349 4453 et
2393 4393 2815 4453 testimonium
2880 4392 3068 4451 firmi-

513 4505 831 4576 tatemque
892 4507 1276 4576 perpetuam,
1340 4499 1733 4576 presentibus
1798 4501 2067 4580 sigillum
2130 4510 2407 4560 nostrum
2475 4499 2898 4559 authenticum
2957 4500 3067 4558 du-

509 4604 714 4664 ximus
750 4605 1246 4682 appendendum.
1316 4607 1545 4666 Datum
1595 4607 1910 4667 sedecimo
1977 4607 2075 4666 die
2125 4607 2244 4666 diei
2311 4606 2663 4666 huiusmodi
2721 4605 3065 4684 possessio-

506 4711 681 4772 narie
731 4711 1250 4774 reambulacionis
1298 4734 1373 4774 ac
1420 4722 1726 4774 metarum
1790 4715 2132 4774 ereccionis
2194 4721 2678 4791 prenotatarum,
2743 4732 2907 4772 anno
2957 4714 3064 4772 do-

510 4820 659 4878 mini
706 4819 1033 4880 millesimo
1080 4822 1729 4900 quadringentessimo
1781 4823 2087 4901 vigesimo
2137 4831 2362 4881 octavo
2411 4821 2851 4898 suprascripta

2853 5047 2922 5104 15
