3917 5592
3035 443 3159 523 139

587 660 798 732 Mlaka
868 660 1270 753 ipsorumque
1330 664 1666 736 heredibus
1737 666 2116 735 statuissent.
2166 670 2233 734 In
2280 694 2545 755 quorum
2593 676 2871 736 omnium
2917 684 2981 736 et
3030 676 3152 736 sin-

585 781 874 858 gulorum
950 780 1393 855 testimonium,
1471 790 1795 860 presentes
1873 782 2110 842 litteras
2189 792 2436 843 nostras
2512 782 2934 864 priuilegiales
3011 803 3154 844 cum

586 886 967 966 appensione
1029 887 1214 969 sigilli
1277 890 1472 949 nostri
1532 888 1873 949 munimine
1945 890 2299 950 roboratas'
2342 890 2630 950 duximus
2696 891 3149 952 concedendas

585 994 813 1054 Datum
875 994 1032 1055 feria
1100 997 1380 1057 secunda
1445 997 1728 1075 proxima
1791 1006 1934 1057 ante
1998 998 2346 1076 predictum
2392 997 2619 1057 festum
2674 998 3141 1072 PenthecosteS,

583 1091 768 1161 anno
793 1101 1026 1162 domini
1074 1103 1399 1163 millesimo
1447 1098 1668 1164 CCC⁰.
1716 1104 2132 1185 nonagesimo
2182 1105 2413 1183 quinto,
2640 1106 2643 1111 ’

791 1239 1077 1311 Originale
1113 1244 1495 1299 chartaceum.
1531 1245 1580 1298 A
1617 1259 1764 1298 zona
1799 1245 1970 1328 rubra
2007 1245 2222 1299 sericea
2260 1244 2466 1314 pendet
2503 1243 2747 1313 sigillum
2808 1245 2873 1298 ln'
2907 1216 3142 1299 archivo

578 1329 730 1397 regni
781 1330 1117 1400 Hungariae,
1169 1332 1572 1401 Budapestini:
1627 1332 1694 1388 M.
1750 1331 1812 1388 Ο.
1864 1334 1926 1388 D.
1984 1334 2039 1387 L.
2100 1330 2310 1403 32995,
2363 1334 2501 1387 olim
2543 1333 2605 1389 N.
2644 1334 2708 1388 R.
2748 1336 2811 1388 A.
2853 1333 2986 1387 fasc.
3028 1333 3147 1387 135.

579 1419 680 1473 No,
722 1417 802 1475 14.
1527 1449 1534 1455 ·
3126 1433 3131 1437 “

1767 1708 1971 1778 141.

787 1906 972 1969 Anno
1028 1903 1212 1969 1395.
1261 1908 1321 1970 6.
1375 1910 1539 1971 iunii.
1587 1910 1959 1991 Zagrabiae.

787 2096 1020 2166 Coram
1092 2106 1342 2168 Detrico
1405 2108 1624 2168 Bubek
1696 2102 1884 2189 regni
1935 2106 2309 2169 Sclauoniae
2380 2107 2563 2182 banc,
2634 2107 2806 2169 cives
2872 2105 3139 2168 civitatis

573 2212 1134 2297 Montisgrecensis
1203 2217 1280 2277 de
1340 2217 1674 2298 Zagrabizu
1756 2218 2118 2278 Ladislaum
2182 2217 2377 2277 filium
2426 2216 2737 2277 Valentini
2808 2219 2886 2279 de
2956 2218 3139 2277 Lom-

573 2320 758 2381 nicha
819 2330 882 2382 et
944 2322 1322 2405 Gregorium
1383 2324 1578 2384 filium
1649 2324 1904 2385 Martini
1967 2325 2201 2385 dictum
2248 2324 2519 2399 Hrelich‚
2567 2325 2835 2411 condam
2882 2324 3140 2385 comites

572 2434 900 2490 terrestres
947 2431 1026 2491 de
1075 2430 1321 2510 Campo
1363 2432 1798 2513 Zagrabiensi‚
1865 2451 2111 2492 necnon
2156 2432 2421 2491 Paulum
2468 2430 2661 2491 filium
2706 2430 2878 2491 Petri
2926 2439 2989 2492 et
3034 2432 3139 2490 Ni-

574 2538 819 2598 colaum
865 2538 1058 2599 filiurn
1105 2540 1348 2600 Nicolai
1386 2559 1529 2600 cum
1563 2560 1780 2601 eorum
1811 2540 2122 2615 fratribu8‚
2158 2559 2231 2600 ac
2262 2540 2651 2618 Stephanum
2686 2548 2747 2599 et
2778 2539 3135 2600 Ladislaum

572 2644 732 2704 filios
792 2646 1115 2731 Benedicti
1179 2648 1286 2708 filii
1334 2648 1583 2708 Lucasii
1632 2667 1706 2708 ac
1753 2647 2132 2729 Gregorium
2179 2647 2373 2707 filium
2421 2646 2768 2724 Mychaelis
2816 2647 2894 2707 de
2944 2647 3135 2721 Odra,

572 2772 816 2813 necnon
864 2755 1119 2814 Petrum
1167 2764 1230 2815 et
1274 2756 1604 2816 Nicolaum
1651 2755 1810 2816 filios
1858 2756 2102 2816 Nicolai
2148 2756 2227 2841 de
2269 2755 2485 2815 Mlaka
2517 2736 2779 2815 acalios
2812 2754 3139 2833 quoslibet,

574 2860 652 2920 ab
717 2861 991 2922 ulteriori
1055 2862 1484 2942 occupatione,
1550 2862 1956 2941 usurpatione
2024 2869 2087 2922 et
2132 2845 2489 2922 detentione
2538 2880 2613 2922 ac
2658 2861 2971 2922 fructuum
3020 2870 3135 2921 etc.

571 2968 970 3049 perceptione
1038 2972 1510 3050 possessionum
1579 2972 1922 3033 eorundem
1994 2971 2224 3032 civium
2294 2970 2633 3031 Petrouina
2706 2978 2771 3031 et
2846 2971 3132 3031 Hrascha

575 3085 955 3155 vocatarum,
1002 3078 1347 3158 prohibent.

781 3218 1021 3274 Ioannes
1059 3220 1300 3290 Tkalcic„
1341 3220 1487 3276 Mon.
1526 3220 1656 3275 hist.
1684 3220 1836 3278 civit.
1856 3220 2180 3288 Zagrabiae.
2210 3222 2245 3275 Ι.
2274 3237 2325 3289 p.
2352 3220 2476 3276 353.
2518 3250 2566 3260 -
2598 3218 2882 3288 originale
2909 3218 3129 3272 charta-

567 3322 746 3370 ceum,
783 3324 820 3361 ει
856 3312 1010 3377 tergo
1048 3324 1350 3379 appi-esum
1389 3310 1650 3379 sigillum.
1689 3311 1750 3365 [n
1789 3310 2024 3365 archivo
2064 3310 2212 3365 civit.
2251 3306 2575 3379 Zagrabiae.

1756 3594 1960 3664 142.

781 3790 968 3853 Anno
1028 3787 1211 3855 1395.
1269 3791 1363 3856 10.
1414 3794 1576 3855 iunii.

783 3988 1139 4069 Capitulum
1187 3992 1487 4052 ecclesiae
1534 3990 1980 4071 Zagrabiensis
2027 3990 2309 4070 explicat,
2357 3993 2525 4073 quod
2573 4012 2729 4074 erga
2762 3995 3127 4055 mandatum

570 4096 952 4176 Sigismundi
1008 4098 1375 4179 Hungariae
1445 4107 1560 4159 etc.
1624 4100 1811 4180 regia
1882 4118 2155 4159 unacum
2201 4101 2524 4179 Stephano
2572 4100 2697 4161 filio
2746 4102 3003 4162 Chernk
3053 4104 3129 4162 de

571 4204 912 4283 Koznycha
958 4206 1206 4267 homine
1255 4206 1449 4287 regiO,
1496 4207 1774 4284 ipsorum
1819 4206 2155 4282 hominem,
2185 4208 2521 4269 discretum
2556 4209 2757 4268 virum
2790 4209 3131 4269 Iohannem

573 4312 904 4387 Lanceloti,
967 4313 1204 4374 socium
1270 4324 1334 4374 et
1395 4315 1885 4376 concanonicum
1955 4334 2173 4375 eorum
2248 4316 2329 4375 ad
2376 4316 2883 4377 reambulamdas
2930 4326 3132 4376 metas

569 4420 1035 4497 possessionum
1075 4422 1450 4499 Petrowyna
1475 4472 1480 4477 .
1506 4441 1580 4483 ac
1631 4423 2055 4507 Sylakowyna
2086 4424 2478 4499 destinasset,
2511 4424 2615 4501 qui
2648 4432 2905 4502 peracta
2935 4442 3134 4484 ream·

569 4526 883 4589 bulatione
947 4528 1202 4589 easdem
1266 4530 1702 4608 possessiones
1752 4531 1993 4591 civibus
2040 4532 2275 4591 Montis
2325 4530 2705 4590 Grechensis
2754 4530 3134 4619 statuissent.

783 4668 1024 4725 Ioannes
1059 4668 1300 4741 Tkalcic,
1339 4670 1587 4726 Monum.
1627 4670 1756 4726 hist.
1795 4668 1946 4725 civit.
1982 4669 2305 4741 Zagrabiae.
2345 4670 2406 4725 11.
2442 4668 2566 4725 441.
2604 4699 2671 4708 —
2692 4670 3129 4740 Transumptum

571 4756 777 4814 Vrbani
831 4760 994 4814 electi
1049 4760 1322 4815 ecclesiae
1379 4761 1663 4830 Agriensis
1717 4778 1768 4817 a.
1821 4758 1974 4816 1487.
2024 4760 2077 4817 5.
2116 4760 2448 4816 decembris.
2487 4761 2549 4815 In
2586 4760 2819 4816 archivo
2860 4761 2952 4816 lib.
3004 4776 3117 4832 reg.

571 4848 720 4903 civit.
757 4850 1079 4933 Zagrabiae.
