3917 5592
2999 440 3120 505 173

562 659 641 717 de
687 658 1021 738 Zagrabia,
1052 677 1298 718 necnon
1344 658 1593 732 Katthe‚
1640 657 1843 718 Marci
1888 658 1996 740 filii
2041 658 2215 718 lwan
2263 658 2370 718 filii
2405 659 2579 718 Laek
2626 659 2704 718 de
2734 658 2965 732 Mlaka,
3013 660 3122 719 ho-

561 766 745 828 minis
794 766 1033 841 nobiliS,
1094 774 1157 827 et
1218 767 1625 846 Margarethe
1675 784 1750 825 ac
1796 765 1992 825 Elene
2055 764 2334 825 similiter
2393 765 2711 825 hominum
2759 765 3122 847 ignobilium

561 874 971 949 consortibuS,
1033 874 1279 934 filiabus
1342 874 1565 952 prefati
1634 873 1829 949 Pauli,
1890 873 2208 934 sororibus
2257 882 2479 953 utputa
2543 874 2798 934 uterinis
2847 874 3126 935 annotati

562 982 747 1058 Petri,
794 983 873 1044 de
921 981 1231 1043 universis
1278 981 1674 1061 porcionibus
1731 981 2261 1060 possessionariiS,
2299 990 2362 1041 et
2406 982 2730 1061 signanter
2776 982 2836 1041 in
2883 982 3127 1061 prefata

564 1090 1097 1169 Alsolompnycha
1144 1107 1222 1150 ac
1268 1088 1424 1151 alias
1481 1088 1741 1149 ubilibet
1784 1088 2030 1163 habitis,
2093 1105 2216 1169 que
2263 1088 2486 1169 prefati
2531 1088 2710 1149 Pauli
2756 1088 3130 1167 prefuissent

563 1205 628 1258 et
674 1199 755 1259 ad
801 1205 1182 1259 memoratos
1250 1197 1506 1257 Petrum
1551 1205 1614 1257 et
1661 1195 2010 1277 Georgium
2065 1188 2364 1257 'devolute
2410 1197 2805 1271 haberentur,
2869 1216 3128 1258 consve-

564 1304 874 1366 tudinaria
906 1306 1047 1385 lege
1096 1303 1277 1385 regni
1310 1303 1681 1383 requirente,
1730 1323 1872 1364 cum
1903 1303 2195 1371 omnibus
2244 1303 2608 1392 utilitatibus
2641 1313 2705 1365 et
2733 1303 3130 1383 pertinenciis

564 1433 641 1474 ac
668 1412 1090 1493 proventibus
1138 1412 1333 1492 ipsius
1381 1418 1601 1491 quarte
1650 1410 1871 1486 filialis,
1936 1411 2298 1473 memoratis
2347 1411 2742 1472 dominabus·
2771 1412 2833 1473 in
2882 1418 2946 1473 et
2989 1429 3132 1471 cum

562 1520 1083 1600 possessionibuS,
1136 1538 1261 1579 non
1328 1518 1597 1578 volendo
1668 1518 1819 1577 dare
1889 1518 2162 1597 aliquam
2239 1518 2665 1598 pecuniariam
2735 1519 3134 1581 solucionem,

564 1627 1022 1711 extradedisset
1052 1634 1115 1687 et
1148 1624 1553 1706 assignasset,
1600 1625 1792 1687 immo
1841 1606 2192 1687 extradedit
2221 1636 2283 1686 et
2315 1626 2666 1707 assignavit
2711 1646 2924 1687 coram
2955 1626 3133 1686 nobis

564 1736 699 1796 iure
724 1771 731 1779 -
761 1742 1065 1814 perpetuo
1128 1742 1191 1793 et
1250 1732 1740 1794 irrevocabiliter
1803 1732 1868 1792 in
1932 1733 2199 1793 heredes
2263 1742 2326 1793 et
2389 1734 2692 1795 heredum
2739 1752 3138 1795 successores

569 1842 898 1903 universos
945 1842 1409 1921 possidendam,
1441 1841 1779 1901 tenendam
1826 1840 2061 1920 pariter
2107 1848 2172 1900 et
2215 1840 2588 1901 habendam.
2640 1839 2838 1901 Cuius
2887 1839 3134 1920 quidem

567 1958 789 2030 quarte
837 1948 1039 2010 filialis
1087 1956 1270 2023 mete,
1337 1949 1589 2027 quando
1638 1946 1878 2010 eisdem
1946 1947 2320 2009 dominabus
2368 1956 2476 2008 aut
2537 1966 2756 2008 earum
2801 1948 3140 2008 heredibus

564 2057 870 2137 placuerit
941 2077 980 2117 a
1047 2056 1445 2136 porcionibus
1514 2056 1897 2135 prefatorum
1967 2056 2136 2117 Petri
2197 2064 2260 2116 et
2334 2055 2594 2136 Georgii
2664 2055 3139 2133 separabuntur,

565 2173 751 2244 prout
794 2164 1027 2226 decens
1074 2162 1386 2225 videbitur
1433 2171 1497 2223 et
1541 2172 1979 2242 opportunum,
2026 2164 2148 2223 hoc
2186 2162 2538 2242 specialiter
2585 2164 2920 2237 declarato,
2969 2164 3138 2241 quod

566 2274 715 2333 dum
774 2281 839 2333 et
897 2271 1150 2352 quando
1215 2272 1439 2332 eadem
1501 2278 1727 2349 quarta
1786 2268 1989 2330 filialis
2054 2288 2167 2348 per
2231 2277 2540 2329 metarum
2601 2268 3040 2330 distinceiones
3101 2290 3137 2331 a

563 2380 965 2461 porcionibus
1011 2380 1397 2458 prefatorum
1443 2375 1612 2438 Petri
1642 2386 1705 2439 et
1744 2376 2006 2458 Georgii
2055 2377 2460 2457 seperabitur,
2509 2386 2750 2452 extunc,
2799 2378 2851 2438 si
2897 2378 2962 2439 in
2999 2382 3132 2439 'uno

562 2490 700 2549 loco
746 2488 852 2548 ubi
898 2488 1037 2567 ipsa
1081 2494 1306 2566 quarta
1350 2486 1551 2546 filialis
1598 2484 1784 2547 fuerit
1817 2487 2159 2561 extradata,
2210 2487 2466 2546 easdem
2516 2485 2801 2546 dominas
2851 2486 3134 2547 annotati

564 2597 787 2656 Petrus
836 2603 899 2655 et
946 2593 1261 2674 Georgius
1310 2610 1687 2653 conservare
1737 2593 1799 2652 in
1848 2593 2247 2675 dominioque
2297 2592 2578 2653 eiusdem
2627 2602 2962 2673 protegere
3008 2613 3134 2653 non

563 2710 839 2782 possent,
906 2709 1134 2762 extunc
1178 2699 1243 2759 in
1290 2698 1410 2759 alio
1473 2700 1611 2761 loco
1660 2700 2046 2760 consimilem
2109 2708 2398 2779 quartam
2461 2700 2714 2760 filialem
2761 2718 2905 2759 cum
2964 2700 3132 2779 equi-

578 2809 951 2891 pollentibus
1040 2808 1448 2887 proventibus
1532 2808 1597 2867 in
1657 2810 1996 2886 valoreque
2081 2816 2143 2867 et
2224 2808 2567 2886 quantitate
2635 2808 3139 2888 quoadequatam

566 2918 805 2979 eisdem
869 2916 1239 2976 dominabus
1288 2923 1349 2975 et
1396 2915 1673 2993 ipsarum
1720 2915 2074 2989 heredibus,
2127 2914 2350 2993 quovis
2413 2914 2790 2995 litigionario
2837 2934 3136 2992 processu

568 3034 829 3101 semote,
896 3026 1047 3085 dare
1094 3031 1157 3083 et
1204 3022 1531 3103 assignare
1596 3042 1673 3083 ac
1734 3024 1992 3083 easdem
2042 3032 2105 3083 et
2151 3024 2430 3102 ipsarum
2490 3017 2855 3083 heredibus¹
2918 3030 3138 3082 contra

568 3133 879 3212 quoslibet
921 3131 1326 3210 impetitoreS,
1357 3129 1419 3189 in
1468 3129 1742 3191 dominio
1788 3138 2116 3208 prenotate
2175 3138 2395 3209 quarte
2444 3128 2646 3193 filialis
2692 3136 3027 3209 protegere
3075 3136 3139 3188 et

574 3257 952 3301 conservare
1022 3237 1399 3298 tenebuntur
1452 3237 1719 3317 propriis
1788 3237 2106 3299 laboribus
2171 3244 2235 3297 et
2298 3236 2608 3316 expensiS,
2676 3236 3030 3296 testimonio
3077 3244 3140 3295 et

574 3348 793 3427 vigore
840 3344 1235 3425 presencium
1282 3344 1617 3407 mediante.
1708 3346 1775 3406 In
1824 3346 2000 3406 cuius
2067 3345 2156 3405 rei
2203 3345 2571 3406 memoriam
2639 3352 2702 3405 et
2763 3344 3137 3419 firmitatem,

576 3462 906 3535 presentes
975 3452 1347 3514 contulimus
1424 3453 1662 3515 litteras
1733 3462 1980 3514 nostras
2052 3453 2492 3533 privilegiales,
2570 3452 2796 3532 quibus
2867 3451 3134 3533 sigillum

572 3570 856 3624 nostrum
918 3559 1208 3621 duximus
1270 3560 1769 3640 appendendum.
1862 3562 2095 3620 Datum
2142 3560 2300 3621 feria
2363 3569 2588 3639 quarta
2652 3560 2934 3639 proxima
2993 3567 3137 3620 ante

573 3673 803 3733 festum
835 3670 1003 3731 beati
1050 3668 1308 3749 Georgii
1339 3668 1626 3741 martiriS,
1674 3688 1838 3735 anno
1869 3669 2103 3729 domini
2152 3668 2479 3729 millesimo
2521 3668 3137 3749 quadringentesimo

576 3780 791 3860 quinto
849 3776 1110 3838 decimo.

794 3920 837 3973 E
873 3919 1226 4008 transumpto
1264 3914 1411 3983 regis
1450 3913 1720 3969 Ludovici
1758 3931 1795 3968 a
1837 3914 1994 3969 1520.
2036 3914 2118 3969 11.
2145 3915 2304 3983 iunii,
2344 3915 2491 3984 quod
2531 3914 2733 3968 iterum
2774 3912 3140 3985 transumpsit

578 4010 727 4065 idem
766 4026 865 4065 rex
904 4026 953 4063 a.
994 4006 1150 4062 1524.
1187 4004 1238 4061 4.
1279 4003 1607 4060 decembri&
1646 4004 1707 4058 In
1746 4004 1982 4060 archivo
2008 3998 2289 4060 commun.
2329 4006 2455 4061 nob.
2497 4005 2564 4061 de
2603 4002 2925 4075 Turopolje.

800 4192 813 4219 ¹
852 4190 934 4249 sic
972 4190 1271 4265 (heredes).
