3917 5592
843 454 928 517 20

841 670 1130 731 uidelicet
1161 669 1632 750 quatuordecim
1679 670 2101 730 dimensiones
2132 688 2245 747 pro
2279 677 2547 747 quatuor
2592 669 2819 729 mareis
2854 669 3057 729 eidem
3104 668 3403 729 Mirozlao

841 787 1186 857 prenotato,
1235 778 1365 838 suis
1411 778 1746 838 heredibus
1795 779 2222 856 heredumque
2256 777 2725 837 successoribus
2773 777 2904 837 iure
2938 786 2999 837 et
3045 777 3251 855 quiete
3298 797 3405 856 pa-

845 887 1020 947 cifice
1089 894 1394 965 perpetuo
1461 885 1706 964 reliquit
1752 886 2181 963 posidendam.
2254 886 2392 945 Hoc
2440 885 2641 945 eciam
2708 904 2835 944 non
2882 884 3405 963 pretermittimu8‚

845 996 1014 1073 quod
1061 994 1393 1074 Georgius,
1443 993 1731 1053 Cheuetk
1780 1001 1841 1052 et
1886 993 2161 1053 Michael
2206 992 2311 1053 filii
2338 994 2590 1069 Descyn
2637 992 2901 1071 proximi
2948 992 3216 1052 Volkota
3264 1011 3405 1052 con-

843 1102 995 1163 fessi
1063 1110 1224 1175 sunt,
1295 1103 1465 1179 quod
1532 1110 1764 1161 terram
1812 1101 2200 1179 sepedictam
2244 1100 2306 1160 in
2367 1100 2537 1160 bona
2605 1119 2761 1178 pace
2834 1100 3037 1160 eidem
3105 1100 3406 1160 Mirozlao

846 1209 1226 1270 dimisissent
1269 1209 1716 1288 possidendam
1790 1208 2291 1269 contradiccione
2340 1208 2549 1286 aliqua
2595 1228 2721 1268 non
2768 1209 3073 1281 obstante,
3144 1208 3405 1268 existen·

845 1318 1012 1377 tibus
1081 1317 1390 1377 nobilibus
1461 1318 1672 1397 reg-ni:
1745 1317 2036 1377 uidelicet
2102 1317 2433 1376 Mortunus
2502 1316 2664 1375 filius
2712 1317 3061 1389 MortunuS,
3136 1316 3406 1393 Kutnyk,

845 1425 1188 1485 Nicholaus
1237 1424 1396 1485 filius
1467 1426 1668 1485 Ereus
1716 1432 1777 1485 et
1826 1425 1960 1484 aliis
2009 1444 2201 1503 quam
2258 1424 2537 1502 pluribus
2586 1424 2911 1485 nobiscum
2961 1424 3407 1484 assedentibuS.

852 1531 1084 1592 Datum
1130 1533 1464 1612 Zagrabie,
1510 1532 1780 1600 infesto
1852 1532 2052 1592 sancti
2098 1532 2316 1606 Marci,
2367 1551 2529 1591 anno
2579 1532 2812 1591 domini
2865 1524 3409 1590 M⁰.CC⁰.LX⁰.V⁰.

1061 1672 1105 1725 E
1141 1675 1494 1740 transum1,t0
1535 1671 1794 1741 originali
1833 1672 2077 1727 Rolandi
2115 1670 2249 1725 bani
2288 1687 2337 1726 a.
2384 1670 2535 1725 1265.
2574 1669 2661 1725 25.
2693 1670 3039 1726 novembris.
3078 1670 3139 1724 ln
3176 1668 3408 1723 archivo

848 1762 1003 1830 regni
1059 1761 1394 1831 Hungariae‚
1453 1762 1855 1830 Budapestini:
1913 1762 1983 1815 M.
2022 1759 2087 1816 Ο.
2125 1761 2187 1815 D.
2228 1762 2284 1815 L.
2322 1760 2533 1825 32986„
2594 1761 2732 1815 olim
2789 1761 2851 1815 N.
2892 1761 2955 1816 R.
2995 1762 3059 1815 A.
3120 1761 3249 1814 fasc.
3288 1758 3409 1814 135·

847 1849 951 1906 No.
989 1850 1072 1905 18.
1117 1880 1177 1891 -
1222 1850 1564 1919 Kukuljevic,
1621 1852 1875 1921 Regesta.
1913 1851 2018 1906 No,
2056 1851 2177 1906 797.

1072 2014 1084 2041 ¹
1123 2013 1219 2068 sic.

2066 2300 2205 2370 18.

1063 2468 1247 2527 Anno
1305 2466 1486 2528 1265.
1539 2468 1639 2529 25.
1689 2469 2063 2559 novembris
2112 2470 2515 2548 Zagrabiae„

851 2642 1212 2707 Rolandus
1257 2642 1498 2722 banus,
1566 2644 2039 2710 venditionem
2085 2645 2456 2710 cuiusdam
2528 2648 2754 2709 terrae
2800 2666 3035 2710 coram
3094 2642 3411 2708 Tiburlz'o

854 2750 1102 2814 comite
1148 2750 1612 2836 Zagrabiensi
1666 2758 1788 2836 per
1845 2752 2142 2829 Volkota,
2227 2752 2681 2817 Volkuzlaum
2728 2756 2791 2817 et
2848 2751 3101 2829 Obrad,
3170 2750 3411 2815 comiti

853 2856 1202 2922 Illirozlao
1251 2862 1343 2942 (a.
1375 2862 1610 2945 1260),
1657 2882 1738 2925 ac
1773 2861 2319 2945 resignationem
2367 2881 2603 2925 coram
2649 2860 2965 2925 Martino
2998 2847 3245 2923 'comite
3288 2859 3417 2921 Za-

847 2963 1210 3049 grabz’ensi
1253 2971 1383 3051 per
1445 2968 1722 3032 Volkota
1766 2973 1979 3052 super
2020 2972 2209 3032 terra
2256 2969 2457 3032 iuxta
2510 2968 2868 3052 Harastya
2912 2967 3134 3032 eidem
3178 2965 3420 3031 comiti

1223 3074 1570 3140 AIirozlao
1619 3076 1705 3159 (a.
1751 3078 1925 3155 1265.
1974 3092 2067 3155 25.
2113 3079 2287 3160 apr.)
2321 3074 2579 3161 facicm,
2629 3076 3032 3141 transumit.

1065 3257 1195 3315 Nos
1244 3251 1343 3315 R.¹
1388 3258 1590 3317 banus
1639 3259 1838 3318 tocius
1871 3258 2204 3318 Sclauonie
2254 3258 2681 3338 significamus
2715 3258 2943 3336 quibus
2991 3256 3240 3334 expedit
3284 3254 3413 3313 vni-

853 3364 1072 3437 uersiS,
1138 3365 1306 3442 quod
1353 3365 1457 3423 filii
1527 3366 1727 3445 lurgis
1775 3366 2047 3426 Volkota
2094 3374 2155 3426 et
2201 3367 2548 3425 Volkuzlou
2599 3385 2672 3425 ac
2720 3365 2939 3425 Obrad
2984 3364 3147 3423 filius
3192 3362 3415 3422 Iurenk

853 3490 930 3531 ex
979 3490 1106 3531 una
1152 3480 1328 3549 parte
1378 3480 1440 3531 et
1487 3492 1697 3533 comes
1761 3474 2102 3533 Mirozlaus
2150 3474 2229 3533 ab
2280 3476 2475 3533 altera
2523 3492 2735 3533 coram
2786 3472 2965 3533 nobis
3012 3470 3417 3550 personaliter

850 3578 1183 3653 constituti,
1231 3578 1418 3639 iidem
1451 3582 1720 3640 Volkota
1767 3590 1828 3641 et
1861 3582 2209 3641 Volkuzlou
2246 3600 2317 3640 ac
2351 3581 2570 3641 Obrad
2619 3580 2890 3640 confessi
2922 3587 3066 3638 sunt
3111 3578 3417 3657 quasdam

854 3686 1193 3765 particulas
1241 3696 1404 3746 terre
1454 3708 1670 3748 eorum
1717 3688 2153 3768 inpignoratas
2200 3688 2320 3767 ipsi
2364 3690 2686 3762 MirozlaO,
2736 3708 2893 3766 quas
2941 3687 3247 3747 redimere
3293 3704 3416 3743 non

851 3800 1188 3873 potuerunt
1236 3795 1314 3855 ab
1365 3797 1605 3869 eodem,
1678 3796 2001 3875 reliquisse
2051 3804 2114 3856 et
2161 3798 2409 3857 dedisse
2458 3797 2623 3856 dicto
2672 3795 2977 3855 Mirozlao
3028 3802 3090 3853 et
3137 3792 3265 3852 suis
3311 3793 3415 3850 he-

852 3901 1106 3962 redibus
1155 3903 1216 3961 in
1263 3912 1637 3981 perpetuum
1705 3898 2185 3983 possidendam²
2244 3904 2505 3982 pacifice
2556 3912 2617 3963 et
2664 3903 2888 3982 quiete,
2965 3902 3124 3961 sicut
3177 3898 3415 3977 plenius

851 4009 914 4069 in
945 4008 1161 4068 litteris
1210 4009 1505 4085 Tyburcii
1539 4018 1601 4069 et
1633 4011 1884 4070 Martini
1919 4011 2215 4071 comitum
2247 4011 2736 4091 Zagrabiensius
2785 4010 3053 4069 uidimus
3100 4004 3414 4079 contineri,

849 4135 1006 4195 quas
1039 4116 1290 4194 quidem
1321 4118 1559 4177 litteras
1607 4137 1795 4195 super
1825 4119 2312 4197 perpetuacione
2348 4119 2653 4178 dictarum
2686 4128 2993 4177 terrarum
3040 4115 3417 4194 petiuerunt‚

852 4232 920 4281 ut
967 4223 1194 4281 nostris
1265 4224 1484 4283 litteris
1533 4224 1856 4284 stabilibus
1931 4226 2460 4286 confirmaremus
2534 4226 2818 4300 Quarum
2866 4231 3045 4283 tenor
3091 4221 3231 4281 talis
3276 4218 3413 4281 fuit:

853 4331 1105 4406 (Vide
1153 4332 1332 4391 doc.
1403 4351 1456 4390 a.
1516 4330 1698 4391 1260.
1749 4333 1908 4391 sub
1957 4334 2074 4392 No.
2134 4330 2268 4409 13.).
2363 4334 2517 4392 Item
2564 4332 2766 4391 forma
2814 4332 3075 4390 aliarum
3120 4329 3237 4387 hec
3284 4336 3411 4386 est:

852 4438 1102 4513 (Vide
1149 4440 1729 4515 praecedens
1778 4442 1956 4500 doc.
2007 4460 2059 4501 a.
2119 4439 2301 4502 1265.
2352 4440 2455 4501 25.
2506 4459 2672 4518 apr.
2722 4440 2875 4499 sub
2925 4440 3039 4497 No.
3099 4435 3234 4512 14).
3283 4436 3413 4494 Nos

851 4545 1041 4625 igitur
1104 4553 1384 4605 tenorem
1429 4548 1774 4609 litterarum
1839 4548 2261 4627 predictarum
2324 4542 2583 4608 iustam³
2643 4548 2776 4607 fore
2836 4546 3303 4607 considerantes
3353 4552 3415 4603 et

860 4648 1256 4733 legitimam,⁴
1303 4656 1382 4713 ad
1417 4655 1788 4732 peticionem
1837 4666 1898 4715 et
1945 4655 2315 4716 instanciam
2364 4655 2783 4734 predictarum
2830 4654 3113 4733 parcium
3156 4651 3415 4737 fecimus

853 4763 931 4822 de
982 4762 1174 4820 uerbo
1224 4763 1303 4821 ad
1353 4762 1615 4821 uerbum
1661 4764 1723 4822 in
1769 4773 2127 4842 presentem
2171 4774 2410 4824 cartam
2456 4762 2817 4823 transscribi
2870 4771 2931 4823 et
2975 4758 3414 4837 transscriptas

850 4868 912 4926 in
961 4877 1330 4947 perpetuum
1380 4869 1568 4928 robur
1629 4870 1776 4929 facti
1825 4870 2133 4947 prenotati
2196 4881 2409 4930 nostro
2458 4870 2659 4949 sigillo
2710 4870 3092 4929 communiri.
3185 4866 3413 4924 Datum

855 4976 1184 5061 Zagrabie,
1257 4976 1318 5035 in
1367 4976 1693 5059 quindenis
1757 4977 1955 5039 sancti
2003 4980 2275 5056 Martini,
2348 5000 2510 5065 anno
2558 4978 2792 5065 domini
2862 4956 3409 5061 M⁰.CC¹{.LX⁰.V⁰'.
