3917 5592
812 484 942 547 206

811 706 1100 777 quartam
1148 698 1549 758 consimiliter
1592 706 1836 777 partem
1882 697 1945 757 in
1992 698 2269 776 quolibet
2313 698 2452 757 loco
2498 697 2604 757 ubi
2651 717 2761 758 eas
2825 706 3112 776 spectare
3159 699 3367 759 dinos-

812 814 1117 880 cerentur,
1166 826 1309 866 cum
1373 806 1503 865 suis
1566 804 1845 866 similiter
1904 805 2305 889 pertinenciis
2373 814 2436 865 et
2497 806 2875 886 generaliter
2934 807 2998 866 in
3059 806 3368 869 universis

810 913 1313 993 possessionibus
1384 921 1447 973 et
1517 914 1915 993 porcionibus
1986 913 2514 992 possessionariiS,
2584 921 2714 973 tam
2788 914 3096 974 nobilibus
3177 933 3367 992 quam

813 1020 1137 1100 empticiiS,
1183 1021 1247 1080 in
1295 1021 1571 1099 quolibet
1616 1029 1685 1080 ut
1728 1020 2067 1100 predicitur
2132 1021 2287 1095 locO,
2335 1030 2465 1081 tam
2513 1022 2803 1081 videlicet
2847 1022 2910 1081 in
2957 1021 3128 1083 silvis
3175 1040 3366 1100 quam

808 1127 876 1188 in
921 1128 1283 1188 nemoribus
1330 1128 1500 1208 wlgo
1548 1128 1867 1188 Dobrawa
1912 1128 2094 1187 dictis
2143 1146 2216 1187 ac
2264 1128 2418 1187 alias
2466 1127 2668 1188 ubivis
2716 1128 2954 1211 habitis·
2993 1137 3055 1188 et
3101 1128 3370 1189 existen-

810 1214 991 1310 tibus,
1040 1235 1210 1314 ipsas
1257 1244 1479 1314 utputa
1525 1235 1811 1295 dominas
1858 1235 2195 1311 Wynkam,
2243 1235 2504 1295 Elenam
2553 1243 2617 1294 et
2647 1236 3139 1315 Margaretham,
3173 1244 3302 1295 tam
3336 1255 3375 1295 a

811 1350 988 1421 patre
1036 1362 1225 1421 quam
1274 1343 1474 1402 eciam
1522 1362 1561 1402 a
1606 1350 1805 1401 matre
1854 1360 2072 1401 earum
2104 1342 2494 1420 supradictiS,
2542 1341 2884 1421 empcionis
2930 1350 2993 1402 et
3037 1342 3375 1402 nobilitatis

810 1450 945 1510 iure
994 1449 1531 1524 concernentibuS,
1578 1450 1767 1509 modo
1798 1448 1996 1508 -simili
2043 1456 2330 1527 quartam
2376 1458 2622 1528 partem
2669 1469 2813 1509 cum
2875 1449 3182 1509 universis
3245 1448 3374 1508 suis

812 1556 1176 1617 utilitatibus
1225 1565 1287 1617 et
1331 1556 1729 1636 pertinenciis
1777 1555 2119 1635 quibusviS,
2170 1556 2481 1616 annotatis
2527 1556 2770 1617 Briccio
2835 1564 2898 1616 et
2959 1556 3170 1617 Blasio
3232 1556 3372 1616 filiis

720 1644 725 1649 ’
813 1663 1046 1724 sororis
1105 1664 1384 1742 ipsarum
1430 1664 1805 1741 supradicte,
1852 1662 1939 1723 uti
1990 1663 2279 1723 affinibus
2327 1672 2390 1723 et
2437 1663 2898 1744 consagwineis
2945 1664 3094 1739 suiS,
3143 1684 3216 1723 ac
3263 1683 3376 1742 per

816 1790 927 1829 eos
975 1770 1252 1848 ipsorum
1299 1770 1633 1831 heredibus
1703 1780 1765 1829 et
1825 1770 2292 1848 posteritatibus
2354 1770 2662 1830 universis
2719 1771 2980 1849 pacifice
3045 1780 3108 1831 et
3167 1771 3375 1850 quiete
3473 1804 3476 1809 ·

819 1878 1151 1957 animoque
1215 1878 1577 1953 deliberatO,
1640 1886 1990 1956 spontanea
2060 1898 2309 1957 quoque
2357 1879 2674 1939 voluntate
2741 1880 2980 1958 absque
3043 1879 3212 1939 omni
3273 1877 3377 1938 lite

826 1985 1229 2059 remisissent,
1280 1985 1779 2046 extradedissent
1826 1994 1888 2044 et
1935 1986 2386 2065 assignassent,
2431 2006 2645 2062 ymmo
2670 1986 3057 2061 remiserunt,
3091 1987 3374 2047 extrade-

816 2096 1041 2154 derunt
1088 2102 1151 2153 et
1209 2094 1614 2173 assignarunt
1675 2113 1891 2153 coram
1953 2094 2135 2153 nobis
2206 2093 2338 2153 iure
2401 2103 2705 2173 perpetuo
2763 2102 2826 2153 et
2889 2094 3376 2155 irrenocabiliter

816 2200 1282 2279 possidendam,
1330 2201 1667 2260 tenendam
1715 2200 1947 2278 pariter
1995 2209 2058 2260 et
2103 2200 2476 2261 habendam.
2525 2202 2593 2260 In
2641 2200 2818 2260 cuius
2866 2202 2955 2260 rei
3002 2202 3374 2261 memoriam

814 2308 1293 2386 firmitatemque
1340 2316 1725 2386 perpetuam,
1772 2308 2167 2385 presentibus
2215 2308 2486 2388 sigillum
2533 2317 2814 2367 nostrum
2861 2308 3111 2368 solitum
3158 2319 3374 2369 auten-

816 2416 1007 2475 ticum
1056 2413 1345 2474 duximus
1394 2415 1894 2494 appendendum.
1944 2415 2175 2475 Datum
2222 2414 2285 2475 in
2331 2414 2494 2475 festo
2539 2416 2707 2475 beati
2755 2416 3077 2476 Benedicti
3111 2417 3377 2491 abbatis,

819 2540 984 2581 anno
1030 2520 1265 2581 domini
1310 2521 1636 2581 millesimo
1683 2522 2301 2602 quadringentesimo
2347 2522 2658 2603 vigesimo
2705 2522 2986 2601 septim0.

1030 2676 1315 2746 originale
1354 2680 1797 2749 membraneum,
1849 2680 2132 2766 appendet
2194 2681 2379 2735 solum
2435 2696 2582 2735 zona
2640 2681 2855 2735 sericea
2916 2680 3112 2736 viridis
3169 2681 3380 2765 coloris

816 2768 1033 2836 absque
1070 2766 1273 2836 sigillo.
1314 2768 1375 2821 In
1411 2768 1646 2823 archivo
1688 2769 2017 2823 communit.
2058 2770 2190 2825 nob.
2229 2769 2298 2824 de
2335 2769 2658 2840 Turopolje.

1040 2948 1054 2978 ¹
1092 2948 1189 3003 sic.

1997 3269 2207 3340 810.

1028 3488 1212 3547 Anno
1268 3486 1451 3547 1427.
1503 3486 1604 3548 20.
1654 3488 1819 3549 maii.
1870 3490 2242 3569 Zagrabiae.

822 3699 1229 3763 Hermanus
1265 3698 1376 3763 Cil
1380 3699 1488 3763 iae
1512 3700 1986 3785 Zagoriaeque
2018 3722 2240 3765 comes
2263 3722 2346 3765 ac
2375 3700 2598 3766 banus
2627 3701 3050 3781 Sclavoniae,
3077 3704 3379 3787 capitulo

818 3806 1138 3871 ecclesiae
1185 3805 1699 3891 Zagrabiensis,
1747 3811 1826 3871 ut
1874 3809 2351 3872 iuramentum
2419 3808 2741 3874 Ladislai
2791 3808 2947 3893 filii
3015 3811 3377 3876 Benedicti

822 3914 904 3977 de
936 3912 1181 3996 Gepew
1214 3914 1289 3977 in
1309 3912 1509 3998 sacto
1528 3915 1994 3998 possessionis
2023 3914 2178 3979 eius
2209 3914 2564 3999 litigiosae
2593 3917 2670 3980 in
2705 3916 3379 4003 Odrazenthgyurgh

819 4022 1198 4099 existentiS,
1271 4022 1347 4086 in
1390 4020 1588 4106 facie
1649 4022 1783 4087 loci
1842 4022 2320 4106 deponendum
2381 4025 2629 4088 audiat
2691 4025 2962 4111 ipsique
3019 4026 3371 4107 rescribat,

1912 4131 2276 4215 praecipit.

819 4392 1269 4407 ........
1320 4366 1421 4406 am
1471 4367 1614 4407 cum
1660 4349 1912 4408 honore.
1962 4349 2278 4409 Noveritis
2326 4350 2493 4427 quod
2541 4397 2554 4409 .
2605 4396 2618 4409 .
2669 4398 2681 4409 .
2732 4398 2743 4409 .
2795 4396 2807 4409 .
2857 4398 2870 4410 .
2921 4398 2933 4410 .
2982 4399 2993 4410 .
3043 4398 3056 4411 .
3107 4399 3119 4410 .
3171 4398 3182 4411 .
3233 4398 3245 4411 .
3297 4398 3308 4411 .
3359 4398 3372 4412 .

820 4500 833 4513 .
883 4500 895 4512 .
946 4500 958 4511 .
1006 4454 1243 4514 toribus
1291 4456 1369 4514 ab
1418 4474 1560 4530 una,
1608 4476 1851 4516 necnon
1915 4457 2208 4517 Ladislao
2257 4503 3207 4519 ................
3258 4461 3375 4520 Lo-

826 4581 983 4622 saan
1011 4569 1233 4622 vocate
1264 4562 1570 4622 dictorum
1604 4572 1881 4623 actorum
1930 4584 2006 4625 ac
2053 4566 2139 4624 alt
2186 4611 2636 4624 ........
2684 4566 2884 4643 primo
2934 4568 3203 4627 eandem
3235 4587 3378 4646 pos—

820 4670 1167 4730 sessionem
1214 4672 1464 4731 Losaan
1514 4718 2280 4731 .............
2331 4672 2484 4731 alias
2547 4654 2806 4751 predicti
2869 4675 3049 4754 regni
3113 4674 3374 4735 Sclauo-

820 4776 919 4836 nie
966 4776 1091 4835 ban
1139 4824 2029 4839 ...............
2081 4789 2319 4839 ctarum
2368 4788 2673 4839 metarum
2722 4782 2979 4841 tendere
3009 4782 3382 4841 denotarent

814 4885 877 4943 in
927 4931 1439 4945 .........
1490 4905 1640 4946 vero
1667 4887 1945 4965 predicta
1970 4887 2415 4965 possession[e]
2469 4934 2918 4948 ........
2969 4909 3068 4948 em
3095 4889 3378 4949 eiusdem

820 4991 1097 5051 Ladislai
1145 4994 1243 5051 vel
1292 4991 1577 5073 legittimi
1621 4994 2042 5072 procuratoris
2091 4994 2184 5054 sui
2232 4994 2511 5054 similiter
2557 4996 2946 5057 reambulare
2997 5005 3059 5055 et
3104 4996 3248 5077 sign
3299 5042 3310 5055 .
3361 5042 3373 5055 .
