3917 5592
3000 517 3122 579 193

567 718 896 777 salvatore.
947 718 1048 777 Ad
1095 718 1535 778 universorum
1580 718 1872 777 noticiam
1922 719 2146 777 harum
2205 718 2367 777 serie
2430 718 2715 777 volumus
2783 717 3128 795 peruenire,

567 825 733 903 quod
801 824 1034 884 Paulus
1107 844 1378 905 magnus
1448 826 1526 886 de
1594 826 1641 883 F
1645 826 1836 884 elsew
1907 825 2313 903 Lompnycha
2373 824 2598 902 Campi
2675 823 3121 903 Zagrabiensis

567 932 630 991 in
677 952 793 991 sua
840 951 1084 991 necnon
1134 932 1357 993 nobilis
1405 933 1654 993 domine
1715 932 1913 991 Elena
1959 942 2202 1006 vocate,
2266 930 2389 991 filie
2452 932 2719 991 condam
2778 931 2955 990 Pauli
3021 929 3129 989 filii

568 1038 821 1113 Vrbani,
869 1039 1192 1114 consortis,
1240 1047 1303 1100 et
1348 1039 1526 1099 Pauli
1573 1038 1680 1099 filii
1745 1058 2001 1099 suorum
2066 1040 2143 1098 de
2193 1041 2417 1098 eadem
2478 1039 2779 1117 personiS,
2846 1057 3004 1097 onus
3068 1046 3129 1097 et

570 1164 917 1226 gravamen
989 1147 1330 1206 eorundem
1403 1165 1478 1205 ac
1544 1146 1978 1207 universorum
2042 1146 2303 1206 fratrum
2373 1153 2436 1205 et
2501 1146 2924 1225 proximorum
2994 1155 3125 1203 tam

569 1272 825 1314 suorum
895 1273 1086 1332 quarn
1133 1254 1474 1313 eorundem
1549 1253 1852 1313 consortis
1900 1264 1964 1314 et
2010 1254 2116 1314 filii
2186 1273 2441 1314 suorum
2487 1254 2550 1313 in
2598 1274 2665 1313 se
2736 1262 2957 1331 sponte
3030 1271 3128 1311 as-

568 1362 998 1440 sumpmendO,
1047 1362 1129 1422 ad
1175 1370 1454 1422 nostram
1500 1361 1911 1441 personaliter
1957 1356 2311 1421 venientes¹
2359 1361 2767 1439 presenciam,
2836 1360 3127 1419 confesus

569 1476 663 1527 est
711 1476 774 1527 et
821 1468 1025 1528 retulit
1071 1468 1412 1528 ministerio
1461 1468 1603 1527 vive
1651 1467 1824 1528 vocis
1872 1468 1934 1527 in
1981 1468 2149 1528 hunc
2194 1469 2467 1541 modum,
2523 1468 2691 1546 quod
2737 1461 2885 1545 ipsi²
2932 1486 3127 1546 quan-

569 1577 715 1636 dam
760 1575 1130 1653 particulam
1176 1584 1339 1635 terre
1389 1595 1606 1635 eorum
1655 1576 1736 1635 ad
1782 1577 2005 1637 decem
2052 1583 2115 1635 et
2160 1595 2388 1636 novem
2421 1575 2841 1636 dimensiones
2889 1581 3126 1634 wreten

568 1683 766 1743 dictas
813 1703 882 1744 se
931 1684 1385 1757 extendentem,
1435 1702 1472 1743 a
1515 1685 1696 1743 metis
1744 1693 1806 1743 et
1836 1683 2018 1744 terris
2064 1679 2480 1761 possessionis
2527 1682 2680 1742 Also
2728 1684 3130 1761 Lompnycza

562 1798 630 1849 et
677 1809 877 1869 usque
924 1791 1240 1869 quandem
1273 1791 1500 1850 vallem
1528 1810 1724 1870 prope
1755 1800 1816 1851 et
1847 1811 2043 1870 penes
2092 1792 2555 1869 possessionem
2589 1790 2805 1849 Mlaka
2834 1796 3126 1849 vocatam

567 1917 637 1959 se
683 1899 1176 1975 protendentem,
1224 1898 1286 1958 in
1335 1898 1500 1958 dicta
1546 1899 1946 1977 possessione
1996 1899 2214 1958 Mlaka
2272 1898 2551 1958 habitam
2614 1904 2677 1956 et
2738 1897 3122 1971 existentem,

567 2006 771 2084 ipsum
819 2006 1086 2065 condam
1131 2006 1396 2065 Paulum
1442 2005 1638 2065 filium
1686 2005 1938 2079 Vrbani,
1986 2014 2231 2085 patrem
2285 2004 2565 2066 eiusdem
2614 2002 2864 2063 domine
2928 2004 3122 2064 Elene

567 2112 909 2192 empcionis
955 2112 1132 2173 titulo
1182 2122 1679 2188 concernentem,
1729 2122 1792 2174 et
1838 2133 2027 2193 super
2072 2114 2275 2193 ipsam
2336 2112 2451 2173 rite
2516 2119 2580 2172 et
2639 2111 2917 2191 legitime
2981 2130 3125 2171 con-

567 2222 1070 2297 descendentem,
1139 2240 1282 2281 cum
1343 2222 1633 2281 omnibus
1697 2222 1977 2282 eiusdem
2040 2222 2342 2300 particule
2405 2231 2569 2280 terre
2638 2218 3001 2279 utilitatibus
3065 2225 3129 2278 et

567 2330 964 2412 pertinenciis
1009 2329 1334 2404 universis,
1384 2330 1598 2390 Moiko
1663 2329 1790 2389 filio
1835 2331 2009 2389 Iwan
2057 2330 2135 2389 de
2172 2318 2351 2389 'dicta
2397 2328 2629 2402 Mlaka,
2689 2345 2930 2405 supano
2978 2326 3125 2386 dicti

571 2434 800 2515 Campi
846 2436 1309 2516 ZagrabiensiS,
1357 2455 1472 2515 pro
1519 2438 1740 2496 decem
1787 2443 1849 2497 et
1913 2456 2143 2497 novem
2206 2436 2433 2496 marcis
2499 2434 2897 2495 denariorum
2958 2450 3122 2492 nove

572 2552 840 2617 monete,
888 2562 1054 2603 nunc
1101 2543 1420 2618 currentiS,
1469 2544 1548 2603 de
1595 2562 1906 2603 consensu
1954 2552 2017 2603 et
2062 2543 2383 2603 voluntate
2431 2543 2681 2602 Andree
2730 2540 2838 2601 filii
2884 2539 3125 2600 Nicolai

569 2659 630 2709 et
677 2650 936 2730 Georgii
984 2650 1093 2710 filii
1140 2650 1392 2710 alterius
1438 2650 1681 2711 Nicolai
1727 2650 2004 2721 fratrum,
2068 2658 2131 2711 et
2176 2649 2785 2730 consangvineorum
2845 2647 3126 2707 eiusdem

565 2757 766 2816 Marci
813 2757 1052 2835 supani,
1102 2757 1379 2817 similiter
1426 2776 1639 2817 coram
1687 2757 1866 2818 nobis
1915 2750 2276 2831 astantem,⁸
2308 2766 2371 2817 et
2416 2758 2478 2816 in
2510 2756 2829 2834 premissis
2860 2754 2925 2814 in
2955 2755 3123 2814 nullo

566 2858 1140 2937 contradicentem⁴,
1189 2864 1588 2937 vendidisset,
1634 2864 1995 2925 tradidisset
2041 2872 2104 2924 et
2150 2863 2555 2943 assignasset,
2602 2862 2792 2921 immo
2825 2860 3119 2933 vendidit,

565 2970 816 3030 tradidit
863 2978 926 3029 et
974 2969 1323 3051 assignavit
1382 2990 1596 3032 coram
1659 2971 1840 3031 nobis
1904 2991 2017 3050 per
2080 2972 2283 3049 ipsum
2346 2972 2633 3031 Marcum
2696 2970 2888 3031 filium
2950 2972 3123 3030 Iwan

568 3087 628 3137 et
675 3096 823 3137 suos
869 3078 1136 3138 heredes
1183 3079 1610 3158 heredumque
1659 3097 2060 3139 successores
2118 3078 2446 3139 universos
2502 3078 2636 3137 iure
2696 3084 3000 3156 perpetuo
3064 3084 3126 3136 et

568 3184 1053 3245 irrevocaciliter
1099 3187 1452 3260 tenendam,
1501 3185 1946 3263 possidendam
1994 3186 2227 3265 pariter
2274 3193 2337 3245 et
2380 3186 2753 3246 habendam.
2817 3186 2885 3244 In
2949 3183 3125 3243 cuius

565 3290 653 3350 rei
701 3291 1066 3351 memoriam
1117 3292 1592 3371 firmitatemque
1641 3300 2026 3371 perpetuam,
2074 3292 2466 3372 presentibus
2527 3291 2796 3372 sigillum
2844 3298 3124 3351 nostrum

570 3398 858 3458 duximus
908 3400 1408 3476 appendendum.
1458 3400 1691 3459 Datum
1737 3399 1891 3459 feria
1940 3408 2118 3459 sexta
2164 3398 2448 3478 proxima
2480 3407 2623 3459 ante
2654 3399 2883 3459 festum
2932 3399 3123 3457 unde-

565 3504 684 3565 cim
733 3504 988 3565 millium
1033 3505 1363 3585 virginum,
1395 3526 1561 3565 anno
1590 3506 1822 3567 domini
1849 3506 2175 3567 millesimo
2210 3493 2783 3587 quadrigentesimo
2814 3504 3121 3585 vigesimo

565 3619 803 3690 quarto.

776 3804 818 3857 E
855 3806 1209 3873 transumpto
1247 3806 1393 3873 regis
1430 3804 1706 3859 Ludovici
1743 3822 1793 3860 a.
1835 3803 1993 3860 1520.
2033 3804 2297 3867 11.iunii,
2337 3805 2487 3875 quod
2527 3806 2712 3860 denuo
2752 3805 3123 3875 transumpsit

565 3892 714 3946 idem
752 3908 851 3947 rex
889 3906 941 3947 a.
981 3892 1138 3948 1524.
1175 3894 1225 3948 4.
1263 3894 1592 3951 decembris,
1633 3895 1694 3949 In
1731 3896 1968 3951 archivo
2006 3912 2288 3951 commun.
2326 3897 2459 3964 nob.
2497 3895 2566 3949 de
2604 3894 2929 3965 Turopolje.

783 4072 797 4100 ¹
836 4072 918 4126 sic
955 4071 1249 4141 (veniens).
1326 4074 1346 4102 ²
1382 4073 1465 4128 sic
1503 4072 1669 4142 (ipse)
1751 4074 1769 4102 ³
1805 4074 1888 4127 sic
1926 4072 2305 4143 (astancium).
2371 4074 2391 4102 ⁴
2416 4072 2501 4128 sic
2538 4072 3121 4143 (contradicencium).

2910 5088 2977 5142 13
