3917 5592
811 424 932 489 128

1011 640 1297 709 originale
1351 641 1796 695 membraneum.
1875 642 1920 695 A
1964 658 2109 695 zona
2158 642 2373 694 sericea
2411 641 2561 695 rubri
2614 643 2669 694 ei
2721 639 2852 695 ssavi
2894 640 3100 695 coloris
3156 641 3363 710 pendet

796 730 1040 798 sigillum
1081 729 1357 785 exhibens
1395 731 1614 799 galeam
1636 733 1692 785 et
1719 730 1926 785 circum
1968 730 2391 799 inscriptionem
2433 729 2771 799 illegibilem.
2821 730 2879 783 ln
2902 730 3135 784 archivo
3173 730 3361 785 accad.

795 818 990 873 scient.
1030 818 1248 873 Slavor.
1292 820 1485 875 mei-id.
1525 819 1850 889 lagi-abiae.

1018 944 1030 973 ¹
1069 943 1166 998 sic.
1244 945 1263 973 ²
1301 945 1382 999 sic
1408 944 1628 1014 (prata).
1707 947 1726 975 ³
1763 946 1844 1000 sic
1870 945 2215 1017 (nunquam).
2300 946 2319 975 ⁴
2357 946 2439 1001 sic
2464 944 2828 1016 (heredibus).
2906 947 2924 973 ⁵
2948 945 3031 1001 sic
3062 943 3360 1015 (heredes).

799 1034 822 1065 ⁸
861 1034 958 1089 sic.
1037 1034 1056 1062 ⁷
1093 1034 1174 1089 sic
1211 1034 1539 1105 (Iohannis).
1617 1036 1637 1063 ¹³
1674 1035 1768 1091 sic.

1985 1324 2019 1388 1
2042 1320 2188 1392 24.

1013 1522 1198 1580 Anno
1256 1518 1438 1581 1391.
1487 1519 1546 1581 6.
1597 1521 1822 1600 aprilis,
1871 1523 1939 1582 ln
1986 1522 2220 1581 Zakan.

1011 1717 1216 1776 Maria
1263 1718 1632 1798 Hungariae
1701 1728 1813 1779 etc.
1865 1719 2101 1799 reg-ina,
2167 1720 2418 1779 Detrico
2467 1719 2687 1779 Bubek
2750 1720 2929 1799 regni
2989 1719 3358 1781 Sclavoniae

798 1826 961 1884 bano
1026 1832 1090 1885 et
1155 1824 1461 1885 vicebano
1524 1827 1802 1887 eiusdem
1854 1846 1928 1887 ac
1976 1826 2343 1887 officialibus
2406 1827 2749 1887 eorundem
2810 1826 2872 1886 in
2936 1828 3361 1889 exactionibus

798 1931 1295 1992 mardurinarum
1341 1952 1415 1992 ac
1448 1932 1704 1993 decimis
1737 1953 2085 2012 porcorum,
2136 1934 2217 1993 ad
2244 1933 2607 2012 petitionem
2655 1933 2887 1995 civium
2918 1934 2997 1995 de
3028 1936 3361 2015 Zagrabia‚

801 2047 868 2099 ut
913 2060 1104 2119 super
1153 2040 1521 2121 iobagiones
1569 2042 1846 2120 ipsorum
1911 2041 2138 2101 civium
2185 2042 2247 2101 in
2294 2042 2675 2118 Petrowyna
2723 2051 2786 2101 et
2830 2043 3148 2119 Hrasthya
3196 2064 3360 2103 com-

803 2156 1138 2223 moranteS,
1209 2148 1603 2210 mardurinas
1653 2158 1714 2209 et
1770 2148 2049 2210 decimas
2119 2169 2451 2229 porcorum
2528 2148 2739 2209 dicare
2802 2158 2863 2209 et
2920 2150 3085 2231 exigi
3154 2150 3365 2225 facere,

800 2255 966 2316 nullo
1013 2256 1200 2316 modo
1247 2256 1371 2315 sint
1417 2257 1644 2332 ausuri,
1693 2257 1966 2318 mandat.

1009 2395 1252 2450 Ioannes
1291 2395 1532 2459 Tkaleio,
1572 2396 1721 2452 Mon.
1761 2397 1892 2453 hist.
1931 2396 2081 2452 civit.
2120 2397 2428 2466 Zagrabiae
2470 2399 2507 2453 1.
2545 2396 2667 2453 319.
2708 2398 2771 2454 11.
2809 2396 2932 2452 438.
2972 2426 3035 2436 —
3077 2396 3361 2467 originale

803 2485 1232 2539 membraneum
1271 2485 1437 2541 valde
1475 2502 1724 2543 exesum.
1764 2486 1973 2541 Subtus
2002 2486 2257 2559 appressi
2296 2486 2461 2557 sigilli
2488 2486 2804 2558 vestigium.
2842 2488 2904 2541 In
2937 2486 3171 2543 archivo
3210 2486 3360 2543 civit.

800 2574 1122 2645 Zagrabiae.

1984 2862 2188 2932 12⁵.

1012 3066 1196 3126 Anno
1254 3062 1437 3126 1391.
1487 3064 1543 3125 7.
1593 3064 1735 3125 iulii.

805 3261 1056 3325 Coram
1130 3259 1440 3343 capitulo
1511 3258 1832 3324 ecclesiae
1878 3258 2397 3343 ZagrabiensiS,
2468 3258 2736 3323 Paulus
2793 3258 3002 3344 filius
3048 3259 3365 3324 Andreae

799 3371 863 3433 et
910 3366 1298 3431 Ladizlaus
1331 3365 1542 3451 filius
1603 3366 1958 3431 Valentini
2004 3366 2085 3431 de
2131 3366 2473 3452 Inferiori
2515 3350 2925 3444 'Lomm'chm
2980 3367 3363 3453 Georgium

796 3480 864 3541 >et
895 3474 1323 3560 Dyonisium
1358 3473 1562 3558 filios·
1590 3473 1788 3538 Petri
1818 3495 1899 3538 ac
1932 3473 2196 3539 Lucam
2234 3474 2477 3559 filium
2512 3474 2860 3539 Antlzonii
2876 3474 3029 3559 filii
3056 3476 3363 3540 eiusdem

801 3583 1015 3660 Petri,
1063 3582 1142 3647 in
1173 3582 1450 3667 fratres
1479 3586 1544 3646 et
1565 3581 1926 3667 proximos
1971 3602 2138 3647 suos
2184 3584 2552 3668 recipiunt,
2583 3582 2969 3668 eisdemque
3012 3584 3363 3668 quandam

799 3692 1060 3756 terram
1116 3695 1327 3774 penes
1379 3690 1693 3777 fluvium
1752 3690 2139 3755 Lomnz'cha
2185 3694 2252 3755 et
2297 3692 2729 3756 medietatem
2790 3694 3019 3756 terrae⁴
3069 3690 3364 3756 arabilis

1543 3798 1931 3885 Podoresya
1976 3802 2272 3877 vocatae,
2318 3798 2599 3864 donant.

1017 3999 1196 4076 [N]os
1265 3999 1605 4077 capitulum
1655 3998 1919 4059 ecclesie
1989 3998 2437 4077 Zagrabiensis
2484 3999 2783 4059 memorie
2849 4002 3362 4059 commendantes

801 4116 1018 4169 tenore
1065 4105 1460 4186 presencium
1507 4106 1936 4186 significamus
1986 4107 2211 4185 quibus
2260 4106 2511 4186 expedit
2544 4106 2868 4180 vniuersiS,
2916 4108 3086 4185 quod
3132 4108 3364 4169 Paulus

802 4215 964 4279 filius
1032 4215 1286 4276 Andree
1334 4223 1398 4276 et
1442 4215 1776 4275 Ladizlaus
1836 4215 1999 4275 filius
2063 4215 2377 4275 Valentini
2423 4215 2501 4275 de
2549 4214 2826 4276 Inferiori
2894 4215 3239 4287 Lomnicha
3287 4215 3364 4275 ab

803 4344 945 4399 una,
993 4332 1170 4404 parte
1218 4342 1368 4384 vero
1417 4344 1494 4385 ex
1544 4326 1738 4385 altera
1804 4324 2121 4405 Georgius
2168 4332 2231 4385 et
2276 4322 2614 4402 Dyonisius
2660 4322 2768 4383 filii
2821 4323 2991 4383 Petri
3039 4342 3115 4383 ac
3159 4324 3366 4384 Lucas

803 4434 965 4497 filius
1013 4433 1310 4495 Anthonii
1356 4432 1464 4493 filii
1511 4433 1792 4493 eiusdem
1838 4432 2007 4493 Petri
2055 4434 2133 4493 de
2182 4433 2422 4508 eadem,
2469 4451 2682 4492 coram
2728 4431 2908 4492 nobis
2954 4430 3367 4511 personaliter

803 4542 1136 4617 constituti,
1205 4561 1318 4621 per
1365 4542 1622 4603 eosdem
1683 4542 1948 4601 Paulum
2000 4550 2061 4601 et
2119 4540 2482 4601 Ladizlaum
2548 4548 2769 4619 sponte
2833 4548 2929 4600 est
2989 4538 3363 4610 confessum,

801 4652 972 4731 quod
1016 4650 1133 4729 ipsi
1179 4651 1436 4710 eosdem
1485 4648 1848 4729 Georgium,
1896 4648 2266 4726 Dyonisium
2300 4656 2362 4708 et
2401 4650 2639 4708 Lucam
2686 4647 3069 4726 recepissent
3116 4646 3177 4707 in
3223 4664 3362 4724 pro-

807 4760 1007 4820 ximos
1071 4767 1134 4819 et
1197 4758 1258 4818 in
1305 4758 1546 4833 fratreri,
1610 4759 1892 4817 volentes
1959 4757 2215 4818 eosdem
2262 4756 2595 4836 participes
2655 4754 2789 4816 fieri
2852 4755 2915 4815 in
2969 4753 3364 4833 porcionibus

803 4870 1080 4947 ipsorum
1145 4866 1654 4946 possessionariis
1717 4866 1778 4926 in
1839 4866 2064 4925 eadem
2128 4864 2524 4945 possessione
2595 4862 2937 4924 Lomnicha
2999 4860 3241 4922 situatis
3304 4868 3365 4920 et

806 4974 1229 5053 existentibus,
1277 4976 1594 5062 quandam
1641 4974 1989 5041 sessionem
2036 4992 2149 5039 seu
2196 4972 2473 5053 fundum,
2534 4972 2597 5032 in
2644 4989 2771 5057 qua
2816 4969 3095 5055 prefatus
3140 4970 3363 5032 Petrus
