3917 5592
3046 462 3166 548 152

593 696 882 767 videlicet
948 694 1163 785 quinte
1240 707 1435 785 partis
1504 693 1817 785 porcionis
1890 692 2392 784 possessionarie
2464 704 2526 763 in
2599 702 2766 763 dicta
2847 703 3168 783 Superiori

594 815 1003 893 Lompnycha
1050 834 1089 874 a
1134 815 1327 895 plaga
1372 814 1672 890 orientali,
1739 812 2031 874 videlicet
2075 811 2248 873 iuxta
2293 809 2761 891 possessionem
2811 810 3168 887 Kondynch

594 921 805 981 habite
868 927 931 982 et
998 921 1337 998 existentis,
1408 921 1625 983 ordine
1694 920 2018 981 iudiciario
2086 919 2365 1001 legitime
2423 919 2485 980 in
2547 938 2808 979 causam
2878 920 3166 979 atrahere

593 1029 953 1103 voluissent,
1002 1029 1081 1088 ab
1131 1027 1371 1089 eisdem
1416 1029 1650 1090 dictam
1696 1028 1978 1107 quintam
2045 1035 2292 1106 partem
2335 1026 2901 1107 possessionariam
2947 1045 3162 1106 prose-

597 1135 829 1211 cuturi;
876 1143 1089 1196 tamen
1122 1136 1267 1214 quia
1312 1136 1629 1217 predictus
1677 1135 2014 1196 Churnech
2063 1154 2138 1195 ac
2185 1134 2332 1196 dicti
2377 1134 2482 1193 filii
2531 1133 2628 1193 sui
2675 1133 2959 1195 efficacia
3006 1133 3168 1194 litte-

596 1245 749 1305 ralia
794 1244 1179 1304 munimenta
1246 1264 1434 1323 super
1496 1244 1739 1322 prefata
1802 1244 2020 1322 quinta
2066 1250 2243 1321 parte
2306 1240 2805 1321 possessionaria
2871 1241 2934 1301 in
2999 1240 3165 1301 dicta

595 1350 912 1428 Superiori
959 1351 1366 1430 Lompnycha
1412 1350 1644 1426 habita,
1709 1343 2043 1411 annotatos
2091 1349 2253 1409 filios
2318 1349 2562 1409 Nicolai
2607 1348 2717 1409 filii
2781 1348 2974 1409 Benk'
3024 1368 3169 1409 con·

595 1457 761 1519 fecta
808 1466 872 1519 et
916 1466 1226 1535 emanata,
1273 1459 1508 1519 habere
1554 1460 1680 1519 fide
1728 1458 2032 1519 vidissent
2079 1460 2344 1532 oculata,
2392 1457 2934 1537 percipientesque
2982 1476 3160 1536 sepe-

498 1584 503 1589 ·
595 1566 705 1627 fati
754 1566 1090 1627 Churnech
1138 1575 1200 1627 et
1245 1568 1352 1628 filii
1401 1568 1497 1628 sui
1544 1568 1752 1627 omnia
1786 1567 1847 1627 in
1878 1567 2058 1657 dictis
2105 1566 2324 1627 litteris
2372 1566 2725 1645 conscripta
2761 1574 2823 1627 et
2855 1573 3171 1640 contenta,

598 1673 1049 1751 intellectisque
1096 1673 1247 1753 ipsis
1294 1674 1529 1750 litteris,
1590 1674 1899 1753 prefatam
1946 1674 2228 1753 quintam
2290 1683 2534 1752 partem
2600 1672 3160 1752 possessionariam

600 1780 969 1859 pretitulatis
1016 1780 1174 1857 filiis,
1222 1780 1465 1842 Nicolai
1509 1781 1619 1841 filii
1664 1781 1842 1841 Benk
1874 1800 1949 1841 ex
1991 1781 2312 1860 premissis
2359 1782 2543 1860 pleno
2590 1780 2722 1841 iure
2770 1780 3167 1867 pertinuisse,

600 1887 1052 1950 interveniente
1122 1889 1556 1951 nichilominus
1624 1908 1815 1968 quam
1877 1889 2284 1968 plurimorum
2347 1889 2684 1968 proborum
2748 1895 2810 1948 et
2874 1888 3171 1948 nobilium

604 1996 899 2070 virorum,
944 2014 1168 2075 pacem
1213 1997 1496 2076 parcium
1542 1998 1889 2058 zelancium
1936 1997 2174 2057 verbali
2221 1997 2380 2057 inter
2415 2005 2652 2076 -partes
2698 1996 3060 2075 placacione
3110 2005 3174 2058 et

603 2103 1021 2183 mitigacione,
1094 2105 1315 2165 eedem
1380 2114 1591 2184 partes
1655 2125 1767 2185 per
1814 2104 2343 2185 composicionem
2408 2114 2471 2165 et
2528 2104 2997 2165 ordinacionem
3045 2104 3170 2165 dic·

604 2219 807 2271 torum
877 2212 1215 2290 proborum
1271 2222 1334 2273 et
1397 2213 1693 2274 nobilium
1762 2213 2040 2275 virorum
2089 2213 2170 2273 ad
2215 2215 2407 2274 talem
2474 2213 2648 2292 pacis
2715 2221 2778 2274 et
2839 2214 3171 2274 concordie

600 2319 1003 2379 devenissent
1048 2320 1359 2396 unionem,
1428 2340 1639 2398 ymmo
1688 2322 2079 2381 devenerunt
2145 2340 2360 2383 coram
2407 2320 2605 2397 nobiS,
2678 2323 2847 2401 quod
2906 2321 3171 2400 sepefati

602 2426 940 2488 Chumech
988 2446 1064 2487 ac
1110 2427 1425 2505 ClemenS,
1494 2429 1841 2510 Gregorius
1890 2438 1953 2489 et
1999 2431 2310 2491 Iohannes
2355 2429 2464 2490 filii
2511 2430 2808 2505 eiusdem,
2855 2430 3013 2506 vice,
3059 2449 3174 2491 no-

599 2532 765 2592 mine
813 2534 875 2594 e't
919 2533 983 2593 in
1028 2535 1313 2613 personis
1360 2543 1493 2596 tam
1524 2555 1741 2596 eorum
1786 2556 1978 2616 quam
2024 2537 2163 2597 Iure
2220 2537 2462 2616 prefati,
2510 2556 2588 2597 ex
2633 2536 2956 2616 premissis
3003 2537 3163 2597 ordi-

600 2640 863 2700 nacione
910 2640 1185 2701 virorum
1233 2642 1530 2702 nobilium
1578 2652 1641 2703 et
1683 2644 2024 2721 proborum
2075 2663 2149 2704 ac
2195 2644 2540 2709 litterarum
2585 2644 3009 2723 predictarum
3054 2646 3166 2705 ha-

600 2748 729 2809 bita
776 2757 838 2809 et
885 2749 1099 2811 audita
1142 2750 1329 2829 plena
1374 2751 1819 2826 intelleccione,
1892 2759 2258 2827 annotatam
2305 2761 2542 2819 rectam
2588 2752 2868 2832 quintam
2924 2762 3174 2832 partem

600 2855 800 2916 tocius
845 2856 1341 2936 possessionarie
1404 2858 1717 2937 porcionis
1765 2859 1829 2919 in
1874 2860 2044 2921 dicta
2102 2860 2421 2939 Superiori
2468 2861 2878 2939 Lompnycha
2919 2860 3166 2936 situate,

603 2983 638 3024 a
685 2974 863 3044 parte
892 2973 961 3025 ut
990 2966 1364 3044 premittitur
1410 2966 1710 3043 orientali,
1758 2967 2049 3029 videlicet
2095 2968 2268 3028 iuxta
2299 2968 2766 3048 possessionem
2813 2968 3162 3047 Kondynch

602 3071 881 3132 habitam
929 3080 991 3132 et
1038 3074 1425 3148 existentem,
1496 3074 1825 3135 simulcum
1870 3076 2052 3137 terris
2101 3076 2456 3151 arabilibuS,
2527 3076 2708 3137 cultis
2777 3084 2842 3137 et
2901 3075 3163 3154 incultiS‚

606 3178 794 3253 silviS,
841 3180 1219 3257 nemoribuS‚
1266 3181 1479 3260 pratiS,
1511 3182 1781 3261 pascuiS,
1830 3183 2010 3261 aquis
2043 3190 2107 3243 et
2137 3202 2443 3262 aquarum
2491 3183 2858 3244 decursibus
2907 3182 3167 3262 aliisque

608 3285 969 3349 utilitatibus
1008 3295 1072 3348 et
1113 3288 1515 3367 pertinenciis
1548 3290 1871 3365 universis,
1922 3291 2005 3351 ad
2039 3291 2271 3351 dictam
2318 3291 2598 3371 quintam
2629 3299 2873 3370 partem
2919 3310 3169 3370 posses·

609 3393 946 3454 sionariam
1013 3396 1218 3457 zonali
1272 3416 1570 3458 mensura
1617 3397 1930 3459 mediante
1997 3404 2456 3477 sequestratam
2505 3408 2568 3459 et
2630 3398 2926 3474 decisam,
2990 3406 3176 3478 prout

607 3500 667 3561 in
716 3501 895 3562 dictis
942 3502 1158 3563 litteris
1216 3505 1459 3583 plenius
1507 3505 1928 3566 contineretur
1977 3505 2426 3585 spectantibus,
2471 3507 2695 3586 quovis
2752 3506 3018 3568 nominis
3064 3527 3172 3568 vo-

608 3609 831 3669 cabulo
896 3618 1287 3687 censeantur,
1357 3611 1725 3691 pretitulatis
1774 3614 1980 3687 Petr0,
2050 3614 2248 3673 Paulo
2298 3623 2360 3674 et
2405 3615 2664 3674 Iohanni
2723 3614 2864 3674 filiis
2931 3614 3173 3676 Nicolai

608 3716 712 3777 filii
754 3718 937 3791 Benk
984 3739 1059 3780 ac
1106 3738 1323 3783 eorum
1369 3721 1703 3781 heredibus
1751 3720 1884 3782 iure
1916 3729 2220 3800 perpetuo
2270 3730 2332 3781 et
2377 3722 2864 3783 irrevocabiliter
2913 3742 3172 3783 consen-

608 3825 853 3901 sissent,
893 3826 1317 3913 ·reliquissent
1384 3836 1447 3888 et
1516 3828 1896 3890 dimisissent
1964 3830 2229 3908 pacifice
2300 3837 2362 3889 et
2429 3830 2638 3909 quiete
2707 3830 3174 3909 possidendum,

609 3934 949 3993 tenendum
978 3935 1213 4013 pariter
1241 3944 1304 3995 et
1334 3935 1709 4011 habendum,
1744 3938 1921 3998 salvo
1952 3936 2086 3998 iure
2119 3938 2338 3998 alieno.
2378 3938 2448 3998 In
2476 3938 2654 3998 cuius
2685 3938 2775 3999 rei
2806 3938 3172 3999 memoriam

610 4040 1089 4121 firmitatemque
1151 4052 1538 4122 perpetuam,
1604 4054 1929 4125 presentes
1979 4046 2213 4106 litteras
2285 4046 2480 4107 nostri
2533 4046 2719 4127 sigilli
2790 4046 3174 4125 appensione
3227 4068 3234 4074 ·

612 4149 936 4210 roboratas
986 4157 1049 4209 et
1104 4152 1536 4228 communitaS,
1586 4154 1823 4214 eisdem
1870 4155 2076 4229 Petro,
2145 4155 2341 4213 Paulo
2389 4162 2452 4214 et
2497 4154 2756 4214 Iohanni
2821 4173 2896 4214 ac
2957 4172 3174 4213 eorum

612 4256 942 4345 heredibus
990 4258 1277 4319 duximus
1325 4261 1778 4323 concedendas.
1824 4262 2059 4322 Datum
2104 4262 2435 4342 Zagrabie,
2481 4262 2677 4322 tercio
2726 4260 2826 4322 die
2872 4262 3016 4322 testi
3063 4280 3172 4322 na·

612 4364 868 4425 tivitatis
932 4365 1099 4427 beati
1167 4368 1458 4429 Iohannis
1504 4369 1792 4448 baptiste,
1866 4388 2030 4430 anno
2077 4369 2312 4429 domini
2380 4369 2706 4430 millesimo
2753 4368 3172 4451 quadringen-

613 4472 836 4532 tesimo
884 4473 1178 4535 secundo,

826 4610 1111 4681 originale
1136 4616 1580 4671 membraneum.
1620 4616 1667 4669 A
1714 4632 1859 4671 zona
1894 4616 2065 4671 rubra
2111 4620 2168 4672 et
2209 4615 2378 4673 vindi
2416 4615 2632 4671 sericea
2673 4616 3172 4687 pendensigillum,

613 4700 888 4756 exhibens
926 4706 1165 4774 scutum,
1223 4703 1283 4758 in
1334 4720 1445 4774 quo
1483 4704 1701 4774 gladius
1755 4706 2020 4762 deorsum
2061 4723 2258 4763 versus
2316 4705 2576 4777 superius
2613 4722 2650 4761 a
2687 4706 2884 4761 dextra
2939 4707 3104 4763 stella
3140 4722 3177 4761 a

612 4789 843 4845 sinistra
881 4807 1016 4847 vero
1053 4792 1482 4861 partibus-luna
1518 4799 1805 4851 crescente
1841 4796 2144 4852 comitatus
2181 4796 2398 4851 visitur.
2443 4795 2739 4867 Inscriptio
2779 4796 2987 4850 circum
3028 4796 3177 4850 circa

614 4895 859 4949 currens,
881 4881 1035 4935 haud
1072 4882 1180 4951 legi
1218 4887 1419 4953 potest.
1458 4886 1623 4955 Apud
1662 4886 1792 4940 nob.
1830 4886 2052 4941 Petrum
2092 4884 2301 4954 Cigetic
2325 4886 2384 4940 in
2410 4884 2605 4956 SuPer.
2647 4886 2909 4941 Lukavec
2945 4884 3047 4940 No.
3089 4884 3175 4939 13.
