3917 5592
832 432 919 496 48

834 652 1070 732 absque
1118 648 1288 709 omni
1335 647 1834 710 contradiccione
1880 651 2065 725 tacta,
2136 650 2441 729 premisso
2491 652 2679 711 modo
2728 651 3055 725 informati,
3130 655 3395 713 eandem

834 757 1299 838 possessionem
1364 777 1507 818 cum
1553 758 1722 819 omni
1790 759 2175 837 plenitudine
2238 758 2333 819 sui
2395 758 2563 835 iuriS,
2634 760 2963 820 Vtilitatum
3026 761 3399 841 integritate,

833 886 977 927 cum
1023 867 1204 926 metis
1252 844 1642 944 supradictiS,
1692 885 1767 925 eo
1810 865 1961 939 iure,
2011 885 2135 945 quo
2169 866 2250 925 ad
2282 873 2560 927 nostram
2610 867 3015 927 collacionem
3062 869 3400 929 dinoscitur

834 972 1161 1053 pertinere,
1211 975 1289 1033 de
1339 973 1595 1033 consilio
1643 975 2025 1052 prelatorum
2074 982 2139 1033 et
2182 974 2490 1035 baronum
2538 976 2716 1055 regni
2764 975 2977 1049 nostri,
3049 976 3287 1037 eisdem
3335 984 3398 1037 et

835 1082 1174 1142 eorundem
1217 1082 1553 1142 heredibus
1585 1089 1888 1160 perpetuo
1936 1081 2260 1160 possidere
2292 1090 2354 1143 et
2384 1083 2618 1142 habere
2667 1084 2973 1159 dedimuS,
3008 1085 3397 1161 donauimuS,

833 1190 1228 1268 presencium
1275 1189 1595 1249 literarum
1640 1199 1998 1250 nostrarum
2044 1191 2389 1269 patrocinio
2438 1192 2896 1267 confirmanteS,
2949 1194 3397 1271 promittenteS,

834 1304 901 1355 vt
947 1297 1094 1355 dum
1140 1304 1464 1375 presentes
1510 1297 1739 1357 fuerint
1805 1274 1884 1357 ad
1951 1317 2067 1358 nos
2115 1306 2447 1377 reportate,
2517 1299 2580 1358 in
2626 1299 2891 1360 formam
2947 1302 3397 1382 priuilegialem

833 1404 1034 1484 redigi
1103 1403 1421 1464 faciemus
1515 1405 1748 1464 Datum
1819 1405 1880 1465 in
1941 1406 2327 1486 Vyssegrad,
2396 1405 2461 1465 in
2523 1408 2763 1468 octauis
2832 1408 3001 1469 beati
3070 1410 3397 1473 Michaelis

745 1543 754 1549 ·
835 1513 1212 1593 archangeli,
1263 1532 1428 1573 anno
1476 1513 1709 1572 domini
1755 1514 2083 1574 millesimo
2132 1509 2582 1575 CCC⁰.XXX⁰.
2631 1516 2850 1595 prime.

1047 1654 1088 1707 E
1126 1651 1706 1707 confirmationalibus
1761 1653 2035 1708 Ludovici
2092 1654 2238 1723 regis
2295 1670 2346 1709 a.
2393 1652 2547 1709 1342.
2605 1653 2654 1711 9.
2695 1657 2958 1726 octobris,
3016 1673 3117 1726 per
3154 1658 3396 1711 eundem

832 1758 1017 1811 regem
1047 1741 1250 1797 iterum
1288 1758 1335 1796 a.
1364 1739 1520 1796 1354.
1545 1740 1632 1796 29.
1659 1743 1995 1813 septembris
2035 1742 2397 1799 confirmatis.
2438 1745 2498 1797 In
2525 1743 2760 1802 archivo
2787 1745 3059 1800 comitum
3086 1745 3399 1803 Draskovic

832 1831 894 1887 in
930 1847 1057 1887 arce
1096 1830 1434 1887 Trakofican.

2034 2011 2186 2082 4⁷.

1045 2177 1230 2237 Anno
1286 2175 1470 2237 1331.
1528 2175 1621 2237 18.
1672 2178 1964 2238 octobris,

839 2336 1090 2400 Coram
1139 2336 1444 2419 capitulo
1491 2334 1810 2401 ecclesiae
1856 2336 2373 2422 Zagrabiensis,
2422 2338 2817 2423 Dyonisius
2864 2339 3176 2419 clericuS,
3239 2345 3401 2425 par-

834 2441 1123 2506 ticulam
1173 2445 1404 2507 terrae
1446 2463 1616 2508 suae
1660 2443 1987 2508 Hrascha
2032 2448 2325 2522 vocatae,
2376 2444 2581 2510 Petko
2612 2449 2680 2509 et
2710 2444 3054 2530 Stephano
3102 2444 3403 2533 2·οὸαὲἐο-

1258 2548 1467 2615 nibus
1513 2552 1732 2616 castri
1776 2549 1857 2616 de
1908 2551 2186 2636 CampO,
2233 2572 2354 2617 sex
2397 2552 2661 2617 marcis
2705 2552 2959 2618 vendit.

1047 2713 1408 2793 Capitulum
1455 2716 1718 2776 ecclesie
1768 2716 2215 2797 Zagrabiensis
2283 2718 2594 2777 vniuersis
2642 2716 2874 2777 Christi
2922 2718 3210 2779 fidelibus
3258 2738 3395 2798 pre·

833 2829 1075 2881 sentem
1143 2821 1443 2902 paginam
1515 2822 1886 2901 inspecturis
1957 2824 2223 2883 salutem
2296 2824 2360 2883 in
2436 2824 2704 2885 domino,
2799 2825 2902 2885 Ad
2970 2825 3403 2886 vniuersorum

832 2928 1126 2991 noticiam
1169 2930 1394 2992 harum
1441 2932 1601 2991 serie
1638 2933 1922 2992 uolumus
1970 2934 2317 3011 peruenire,
2364 2934 2534 3012 quod
2567 2935 2942 2994 accedentes
2992 2935 3073 2994 ad
3121 2944 3399 2995 nostram

831 3038 1224 3116 presenciam
1295 3039 1632 3116 Dyonisius
1680 3040 1942 3100 clericus
2014 3040 2247 3101 domini
2294 3040 2490 3101 nostri
2564 3040 2841 3119 episcopi
2890 3060 2965 3101 ex
3016 3061 3141 3101 vna
3207 3051 3403 3121 parte,

833 3146 1030 3205 Petko
1097 3146 1258 3206 filius
1328 3146 1668 3224 Vidomery
1732 3147 1840 3207 filii
1887 3146 2198 3209 Chadona
2259 3155 2322 3208 et
2380 3147 2743 3226 Stephanus
2812 3148 2974 3207 filius
3036 3141 3239 3208 Marci
3298 3148 3405 3209 filii

830 3253 1191 3314 Badoztech
1255 3255 1624 3335 iobagiones
1672 3256 1860 3315 castri
1930 3257 2010 3316 de
2066 3254 2314 3334 Campo
2362 3274 2438 3315 ex
2488 3256 2700 3331 altera,
2778 3274 2992 3315 coram
3038 3256 3219 3316 nobis
3266 3276 3403 3337 per-

833 3361 1128 3421 sonaliter
1159 3362 1492 3437 constituti,
1539 3360 1704 3422 idem
1737 3362 2077 3439 Dyonisius
2111 3363 2372 3423 clericus
2406 3362 2723 3443 quandam
2757 3362 3127 3444 particulam
3156 3382 3401 3442 posses-

832 3468 1024 3529 sionis
1072 3488 1182 3529 sue
1215 3470 1507 3529 Hrascha
1553 3478 1845 3530 uocatam
1873 3470 1936 3529 in
1970 3472 2195 3530 eodem
2242 3469 2488 3549 Campo
2520 3471 2684 3530 ultra
2729 3470 2973 3530 Zauam
3017 3470 3400 3545 existentem,

832 3576 1155 3638 confessus
1203 3587 1300 3638 est
1345 3598 1414 3637 se
1461 3579 1836 3654 vendidisse,
1883 3579 2216 3639 tradidisse
2250 3588 2314 3639 et
2346 3578 2709 3658 assignasse
2760 3578 3088 3638 antedictis
3136 3578 3397 3639 Petkoni

831 3694 895 3747 et
937 3686 1259 3764 Stephano
1307 3694 1370 3745 et
1416 3706 1528 3765 per
1576 3706 1690 3747 eos
1737 3705 1954 3747 eorum
1999 3686 2337 3747 heredibus
2369 3687 2799 3765 heredumque
2848 3704 3105 3747 suorum
3152 3706 3399 3747 succes-

832 3794 1074 3853 soribus
1131 3802 1432 3873 perpetuo
1478 3794 1940 3873 possidendam,
2012 3795 2351 3854 tenendam
2398 3794 2887 3854 irreuocabiliter
2936 3802 2999 3853 et
3044 3794 3401 3855 habendam

831 3921 944 3982 pro
1009 3921 1122 3963 sex
1186 3902 1414 3962 marcis
1484 3903 1790 3964 bonorum
1863 3903 2263 3963 denariorum
2332 3902 2653 3962 banalium
2723 3903 2907 3980 plene
2981 3902 3249 3981 receptis
3320 3902 3397 3961 ab

832 4010 1070 4070 eisdem
1117 4011 1276 4071 sicut
1322 4011 1488 4086 dixit,
1537 4031 1659 4091 que
1707 4010 1961 4090 quidem
2007 4011 2312 4092 particula
2377 4010 2794 4089 possessionis
2842 4018 3027 4088 prout
3072 4010 3253 4069 nobis
3302 4028 3394 4070 re-

829 4118 966 4177 tulit
1011 4119 1059 4176 F
1064 4118 1340 4178 arsasius
1389 4118 1668 4193 clericuS,
1737 4117 2190 4197 prebendarius
2238 4118 2411 4178 chori
2460 4117 2672 4192 nostri,
2743 4136 2932 4194 quem
2980 4118 3061 4176 ad
3108 4117 3399 4177 reambu-

829 4225 1086 4285 landum
1133 4226 1398 4285 eandem
1447 4226 1834 4301 miseramuS,
1904 4227 1970 4285 in
2016 4225 2405 4305 longitudine
2473 4226 2633 4284 inter
2680 4224 2927 4284 Odram
2989 4231 3052 4285 et
3113 4224 3402 4285 Globoka

831 4340 894 4393 et
939 4332 1002 4393 in
1049 4333 1370 4393 latitudine
1446 4334 1605 4394 inter
1674 4341 1904 4394 terram
1953 4334 2144 4393 castri
2212 4335 2405 4410 Selyn
2453 4340 2516 4393 et
2560 4331 2823 4411 predicti
2893 4332 3189 4392 Petkonis
3258 4352 3399 4391 cum

831 4460 948 4501 sua
993 4441 1412 4520 generacione
1460 4439 1621 4500 foret
1667 4440 2019 4501 constituta.
2090 4442 2159 4500 In
2208 4440 2382 4501 cuius
2432 4459 2541 4517 rey
2590 4438 2955 4499 memoriam
3006 4448 3401 4517 perpetuam-

829 4568 952 4628 que
997 4548 1373 4623 firmitatem,
1421 4558 1748 4627 presentes
1797 4550 1878 4608 ad
1923 4549 2295 4609 instanciam
2361 4548 2645 4626 parcium
2692 4547 3119 4608 concessimus
3164 4547 3402 4607 litteras

829 4657 1013 4738 sigilli
1059 4657 1253 4716 nostri
1300 4657 1638 4717 munimine
1687 4658 2031 4718 roboratas
2126 4658 2359 4717 Datum
2406 4657 2469 4716 in
2514 4656 2676 4716 festo
2738 4656 2907 4715 beati
2956 4656 3125 4715 Luce
3188 4674 3395 4716 ewan-

829 4766 1069 4845 geliste,
1119 4784 1283 4825 anno
1332 4765 1565 4825 domini
1611 4766 1934 4827 millesimo
1986 4761 2205 4826 CCC0.
2252 4766 2567 4826 tricesimo
2614 4764 2833 4843 primo,

1041 4904 1325 4974 originale
1380 4908 1820 4960 membraneum.
1878 4908 1924 4960 A
1984 4922 2130 4959 zona
2168 4906 2382 4960 sericea
2419 4904 2570 4959 rubri
2610 4908 2665 4958 et
2703 4904 2899 4958 viridis
2939 4903 3145 4958 coloris
3186 4904 3391 4974 pendet

824 4995 1083 5071 sigillum.
1124 4996 1286 5071 Apud
1324 4998 1455 5051 nob.
1495 4998 1714 5053 Petrum
1742 4996 1949 5073 Cigetic
1985 4996 2045 5050 in
2084 4997 2279 5071 Super.
2320 4996 2581 5051 Lukavec
2620 4994 2721 5050 No.
2760 4994 2840 5054 13,
2900 5043 2912 5051 .
