3917 5592
3046 436 3178 507 '289

616 680 684 721 se
737 661 1067 739 occupavit
1134 681 1259 721 non
1315 662 1576 740 predicti
1639 661 1820 721 Pauli
1877 662 2104 741 Wrag,
2168 662 2280 721 sed
2351 645 2485 721 awi'
2535 682 2647 720 seu
2707 662 2927 739 proavi
2986 662 3180 740 ipsius

615 769 806 829 Blasii
855 770 1255 847 Mayhenych
1303 770 1637 848 prefuisset
1683 778 1745 829 et
1792 770 1872 829 ab
1920 769 2159 829 eisdem
2207 769 2362 829 awis
2410 789 2524 828 seu
2581 770 2853 847 proawis
2902 770 3181 830 eiusdem

614 876 804 937 Blasii
869 878 1288 954 Mayhenych,
1355 897 1543 955 super
1623 878 1892 937 eundem
1955 877 2233 936 Blasium
2296 877 2698 953 Mayhenych
2787 876 3177 937 heredetarie

615 984 1184 1058 condescendisset,
1255 994 1317 1044 et
1363 985 1443 1043 ob
1489 984 1609 1045 hoc
1656 984 1790 1062 ipse
1861 984 2109 1043 Blasius
2156 984 2559 1061 Mayhenych
2620 985 2887 1044 eandem
2918 970 3179 1044 'medie-

616 1100 810 1151 tatem
880 1092 1438 1170 possessionariam
1507 1111 1632 1151 non
1692 1092 2135 1169 potencialiter,
2196 1092 2309 1150 sed
2372 1090 2627 1150 iuridice
2700 1100 3071 1169 occupasset
3119 1099 3181 1151 et

617 1198 984 1278 possideret,
1038 1210 1100 1259 et
1147 1200 1206 1259 in
1255 1199 1842 1278 comprobacionem
1894 1199 2081 1258 dicte'
2105 1198 2528 1277 responsionis
2562 1218 2675 1257 sue
2722 1199 2895 1259 idem'
2924 1198 3180 1259 -Blasius

617 1306 1018 1383 Mayhenych
1065 1307 1126 1366 in
1177 1326 1436 1367 causam
1470 1313 1787 1381 attractUS,
1822 1326 1892 1366 se
1923 1305 2203 1365 similiter
2250 1314 2455 1365 certas
2486 1304 2723 1365 litteras
2756 1306 2924 1365 sedis
2964 1314 3180 1367 nostre

618 1412 939 1473 iudiciarie
973 1414 1335 1473 statutorias
1367 1413 1612 1473 habere·
1627 1414 2013 1486 declarabat,
2040 1397 2267 1491 quibus
2311 1411 2734 1472 mediantibus
2767 1414 2968 1490 ipsam
3002 1432 3181 1472 suam

615 1520 1085 1599 responsionem
1109 1506 1324 1582 coram
1353 1521 1533 1580 nobis
1561 1529 1623 1581 et
1653 1521 1804 1599 ipsis
1843 1520 2267 1579 assessoribus
2301 1519 2526 1579 nostris
2560 1519 2839 1580 similiter
2867 1520 3178 1580 affirmare

615 1639 680 1690 et
723 1630 990 1708 probare
1039 1648 1228 1707 posse
1277 1629 1616 1688 asserebat.
1667 1628 1800 1687 Nos
1833 1628 2043 1706 itaque
2091 1645 2363 1685 unacum
2409 1625 2704 1704 predictis
2754 1627 3179 1687 assessoribus

619 1736 864 1796 nostris·
897 1736 1122 1797 auditis
1170 1736 1448 1814 ipsarum
1497 1735 1822 1795 ambarum
1870 1734 2153 1813 parcium
2199 1734 2533 1812 propositis
2582 1744 2644 1793 et
2691 1734 3025 1813 responsis,
3072 1753 3179 1795 vo-

615 1844 814 1905 lentes
862 1844 925 1903 in
971 1844 1110 1922 ipsa
1156 1863 1351 1903 causa
1397 1843 1738 1903 earundem
1785 1842 2069 1920 parcium
2113 1842 2303 1901 finem
2350 1842 2651 1919 inponere
2700 1826 2763 1901 et
2807 1841 3017 1902 facere
3065 1842 3181 1902 iuri

617 1970 964 2031 congruum
1013 1957 1076 2010 et
1122 1950 1566 2025 conclusivum,
1615 1949 1853 2009 eisdem
1915 1948 2197 2027 partibus
2260 1950 2340 2009 ad
2394 1949 2865 2026 producendum
2914 1950 3171 2009 easdem

617 2057 854 2117 litteras
901 2057 1178 2135 ipsarum
1203 2057 1267 2116 in
1293 2056 1459 2116 facto
1507 2056 1670 2116 dicte
1719 2056 2074 2116 medietatis
2120 2055 2616 2134 possessionarie
2664 2052 2932 2135 litigiose
2968 2076 3179 2117 coram

615 2164 794 2224 nobis
843 2173 906 2225 et
945 2165 1103 2243 ipsis
1150 2163 1574 2225 assessoribus
1621 2164 1866 2237 nostris,
1915 2184 2109 2223 unum
2157 2170 2395 2223 certum
2442 2163 2774 2223 terminum
2836 2164 3179 2239 iuridicum,

616 2272 902 2332 videlicet
948 2272 1295 2351 quindenas
1344 2273 1620 2351 predicte
1681 2272 1834 2333 ferIe
1897 2272 2191 2344 secunde,
2258 2291 2425 2331 nunc
2485 2272 2811 2349 presentis,
2873 2272 3177 2353 legittime

615 2380 903 2439 duximus
930 2380 1365 2460 assignandaS,
1391 2381 1453 2439 in
1479 2400 1603 2460 quo
1627 2380 1892 2441 termino
1918 2381 2051 2458 ipse
2102 2379 2285 2439 ambe
2320 2388 2530 2458 partes
2561 2380 2877 2459 litigantes
2916 2382 3177 2441 easdem

615 2505 835 2547 omnes
880 2488 1120 2547 litteras
1166 2507 1382 2547 earum
1445 2506 1850 2566 quascunque
1914 2487 1980 2546 in
2041 2488 2266 2547 eodem
2330 2486 2497 2547 facto
2562 2486 2756 2565 ipsius
2826 2487 3178 2549 medietatis

617 2594 1112 2672 possessionarie
1161 2594 1428 2674 litigiose
1475 2594 1778 2655 haberent
1811 2594 2148 2668 confectaS,
2195 2610 2309 2672 pro
2340 2594 2632 2653 habendo
2660 2600 2721 2653 et
2750 2594 3108 2673 recipiendo
3141 2614 3179 2655 a

617 2702 798 2761 nobis
826 2708 890 2761 et
911 2701 1064 2779 ipsis
1091 2703 1514 2763 assessoribus
1563 2702 1789 2762 nostris
1824 2701 2159 2780 superinde
2191 2701 2394 2761 finalis
2430 2701 2670 2761 iusticie
2705 2702 3178 2780 complemento,

615 2808 809 2868 nostri
859 2816 920 2867 et
966 2808 1243 2887 ipsorum
1293 2829 1684 2870 assessorum
1741 2818 2097 2869 nostrorum
2160 2808 2223 2868 in
2269 2808 2661 2887 presenciam
2724 2810 3069 2887 producere
3120 2817 3181 2869 et

614 2924 980 2994 presentare
1029 2915 1426 2992 debuissent3
1475 2925 1538 2977 et
1581 2919 1731 2977 dum
1781 2917 2153 2976 adveniente
2219 2915 2356 2994 ipso
2416 2915 2681 2975 termino
2745 2915 3179 2995 produccionis

617 3022 925 3082 dictarum
977 3024 1336 3099 litterarum,
1386 3024 1662 3103 predicte
1709 3032 1921 3103 partes
1949 3023 2119 3101 ipsas
2147 3042 2367 3083 omnes
2399 3022 2636 3082 litteras
2686 3042 2900 3083 earum
2966 3043 3179 3083 coram

616 3130 796 3190 nobis
846 3139 908 3190 et
955 3131 1106 3208 ipsis
1156 3132 1578 3192 assessoribus
1625 3131 1852 3191 nostris
1900 3130 2341 3210 produxissent
2388 3140 2450 3191 et
2496 3118 2983 3209 presentassent,
3030 3138 3180 3190 tunc

614 3257 730 3297 nos
779 3257 1048 3297 unacum
1080 3239 1230 3317 ipsis
1264 3240 1686 3299 assessoribus
1719 3238 1966 3312 nostris,
2005 3238 2270 3317 receptis
2304 3237 2596 3316 predictis
2629 3237 2917 3297 omnibus
2957 3238 3177 3297 litteris

615 3344 892 3422 ipsarum
959 3346 1257 3423 parcium,
1306 3365 1418 3423 per
1481 3365 1590 3405 eas
1639 3365 1852 3405 coram
1920 3346 2103 3405 nobis
2168 3353 2231 3405 et
2274 3345 2427 3423 ipsis
2476 3329 2911 3404 assessoribus
2949 3344 3179 3404 nostris

613 3451 1054 3529 produxissent
1125 3460 1186 3511 et
1249 3447 1765 3529 presentassent,²
1832 3461 1981 3511 tunc
2045 3471 2160 3512 nos
2210 3471 2479 3511 unacum
2543 3451 2693 3529 ipsis
2757 3452 3179 3511 assessoribus

613 3555 842 3616 nostris
907 3557 1175 3635 receptis
1243 3558 1536 3635 predictis
1596 3559 1884 3618 omnibus
1950 3559 2167 3619 litteris
2235 3558 2513 3637 ipsarum
2576 3560 2855 3637 parcium
2909 3579 3022 3638 per
3070 3579 3179 3619 eas

615 3683 827 3725 coram
877 3664 1056 3725 nobis
1102 3666 1420 3743 productis
1453 3674 1515 3725 et
1547 3667 1939 3744 presentatiS,
1988 3666 2191 3745 ipsam
2240 3686 2497 3727 causam
2547 3667 2851 3727 dictarum
2898 3668 3177 3745 parcium

615 3792 758 3832 curn
807 3773 981 3833 totali
1044 3773 1205 3832 serie
1255 3776 1313 3833 et
1359 3792 1659 3851 processu
1721 3793 1836 3833 suo
1901 3774 1962 3833 in
2010 3793 2233 3834 manus
2299 3783 2609 3833 certarum
2680 3776 3072 3851 ydonearurn
3120 3783 3181 3835 et

613 3880 1018 3939 honestarum
1065 3899 1492 3959 personarum,
1540 3880 1828 3941 videlicet
1874 3880 2253 3940 honorabilis
2297 3882 2411 3941 viri
2446 3881 2679 3941 domini
2727 3881 3054 3941 Michaelis
3102 3883 3179 3942 de

615 3986 998 4062 Morawcha,
1048 3988 1328 4048 canonici
1377 3988 1638 4048 ecclesie
1666 3987 2128 4068 ZagrabiensiS‚
2158 4007 2232 4047 ac
2268 3989 2651 4067 sapiencium
2685 3997 2748 4048 et
2776 3990 3180 4050 honestorum

615 4092 907 4168 virorum,
954 4095 1188 4155 scilicet
1248 4096 1502 4155 Martini
1549 4096 1655 4156 filii
1703 4098 1943 4156 Thome
2006 4084 2306 4170 moderni,
2372 4105 2435 4155 et
2482 4096 2673 4156 Blasii
2723 4096 2832 4156 filii
2880 4098 3057 4156 Pauli
3107 4116 3181 4157 ac

616 4201 928 4263 Valentini
955 4203 1062 4263 filii
1090 4203 1434 4278 MichaeliS,
1483 4204 1637 4264 alias
1668 4204 1938 4263 iudicum
1974 4204 2242 4264 civitatis
2282 4204 2849 4285 Montisgrecencis
2882 4205 3179 4283 predicte,

615 4328 859 4368 necnon
908 4310 1191 4389 magistri
1239 4311 1477 4370 Mathei
1523 4311 1973 4388 prothonotarii
2038 4310 2320 4372 eiusdem
2366 4311 2651 4386 civitatis,
2724 4332 2881 4392 quos
2929 4312 2992 4372 in
3038 4312 3173 4372 iure

615 4417 791 4496 regni
866 4419 1083 4477 doctos
1132 4426 1195 4477 et
1255 4418 1432 4477 tritos
1479 4402 1573 4477 'ac
1635 4428 1924 4497 expertos
1995 4419 2127 4479 fore
2177 4419 2604 4499 cognovimuS,
2652 4420 2715 4479 in
2768 4440 2843 4479 eo
2892 4420 3181 4479 duximus

616 4524 1080 4604 assignandam,
1131 4533 1198 4583 ut
1244 4526 1362 4604 ipsi
1406 4545 1523 4586 nec
1571 4545 1757 4605 prece
1821 4546 1937 4586 nec
2004 4526 2217 4604 precio
2278 4546 2483 4605 neque
2547 4527 2747 4585 eciam
2806 4528 3023 4587 favore
3074 4536 3182 4587 aut

614 4632 758 4692 odio
809 4632 1065 4692 alicuius
1111 4634 1305 4711 partis
1355 4633 1573 4708 allecti,
1623 4636 1736 4694 sed
1785 4643 1955 4694 recta
2004 4636 2105 4695 via
2153 4644 2216 4695 et
2264 4654 2428 4714 equo
2477 4634 2625 4694 iuris
2684 4636 2948 4707 tramite,
2996 4638 3181 4695 deum

614 4747 676 4799 et
722 4739 856 4798 eius
884 4738 1190 4801 iusticiam
1223 4759 1335 4819 pre
1367 4742 1561 4802 oculis
1596 4761 1813 4803 eorum
1844 4743 2167 4817 habenteS,
2214 4742 2560 4821 predictam
2591 4727 2851 4803 causam
2884 4744 3173 4821 ipsarum

615 4847 914 4926 parcium,
963 4847 1132 4908 iuxta
1181 4858 1474 4909 contenta
1521 4849 1939 4928 predictarum
1986 4851 2330 4911 litterarum
2392 4870 2627 4924 earum,
2686 4851 2810 4909 fine
2859 4834 3067 4910 debito
3116 4858 3177 4909 et

613 4954 734 5019 iuri
782 4975 1058 5021 consono
1105 4956 1370 5021 finaliter
1417 4957 1831 5023 determinare
1881 4966 1942 5020 et
1990 4959 2362 5023 concludere
2427 4968 2545 5023 aut.
2594 4950 2763 5039 ipsas
2812 4966 3023 5036 partes
3072 4958 3177 5017 de-

2962 5076 3032 5142 19
