3917 5592
749 402 879 462 328

749 616 960 675 restris
1023 616 1300 675 eiusdem
1350 614 1592 692 Campi,
1655 614 1952 673 memorie
2018 616 2530 674 commendamus
2577 633 2690 692 per
2748 621 3090 691 presentes
3140 615 3308 692 quod

746 722 925 782 nobis
969 722 1128 782 feria
1173 722 1450 782 secunda
1495 720 1779 799 proxima
1824 732 1968 799 post
2012 721 2238 781 festum
2288 721 2780 799 Epiphaniarum
2840 719 3091 795 domini,
3137 740 3304 781 nunc

745 830 1026 908 proxime
1058 829 1440 909 preteritum,
1488 830 1550 887 in
1583 831 1734 888 sede
1767 836 1982 888 nostra
2014 828 2335 889 iudiciaria
2360 829 2541 889 solita
2568 828 3000 909 Zagrabiensi,
3032 846 3304 888 unacum

746 939 1024 1016 pluribus
1058 938 1236 1018 regni
1272 946 1335 997 et
1366 936 1594 1015 Campi
1640 936 1900 1015 predicti
1927 937 2254 1011 nobilibuS,
2289 920 2713 997 assessoribus
2746 936 3034 996 videlicet
3076 936 3305 996 nostris

745 1046 1071 1105 nobiscum
1106 1044 1168 1105 in
1202 1045 1426 1104 iudicio
1459 1063 1572 1122 pro
1605 1043 1892 1104 tribunali
1923 1044 2283 1103 sedentibus
2316 1063 2665 1121 causasque
2698 1051 3060 1103 cunctorum
3093 1062 3304 1102 coram

747 1152 922 1212 nocis
971 1152 1356 1233 litigancium
1401 1152 1564 1211 iusto
1612 1151 1763 1210 iuris
1793 1151 2041 1211 tramite
2073 1150 2573 1224 discucientibus,
2622 1150 2843 1210 nobilis
2876 1150 3129 1211 domina
3160 1150 3304 1227 Ely-

743 1260 970 1319 zabeth
1017 1269 1260 1333 vocata,
1310 1260 1523 1319 relicta
1571 1258 1838 1318 condam
1870 1258 2129 1337 Georgii
2177 1258 2416 1336 supani,
2465 1258 2573 1318 filii
2604 1259 2771 1334 olym
2818 1257 3025 1339 Egidii
3057 1260 3136 1319 de
3174 1259 3301 1317 Ko-

744 1367 1008 1439 rilowcz,
1072 1366 1135 1426 in
1181 1384 1298 1426 sua
1345 1376 1406 1426 et
1453 1365 1674 1425 Briccii
1739 1385 1813 1425 ac
1877 1365 2120 1425 Thome
2168 1374 2231 1425 et
2298 1365 2505 1425 Iacobi
2566 1364 2833 1425 filiorum
2896 1384 3169 1440 suorum,
3226 1385 3302 1425 ex

741 1474 1019 1551 predicto
1066 1474 1334 1533 condam
1366 1473 1643 1553 Georgio
1677 1491 1934 1557 supanO,
1985 1472 2287 1551 legittimo
2319 1474 2484 1549 olym
2519 1472 2652 1532 viro
2687 1492 2802 1532 suo
2830 1460 3300 1553 progenitorum

742 1591 806 1641 et
850 1590 1318 1660 procreatorum
1364 1579 1666 1658 personiS,
1712 1590 1995 1639 nostrum
2041 1580 2428 1640 iudiciarium
2455 1579 2715 1641 veniens
2763 1580 2826 1640 in
2874 1590 3299 1659 conspectum,

740 1689 918 1749 nobis
966 1708 1042 1749 eo
1089 1689 1276 1748 modo
1323 1687 1678 1767 significare
1729 1687 1986 1761 curavit,
2050 1696 2117 1746 ut
2161 1686 2439 1765 prefatus
2501 1688 2771 1749 condam
2832 1689 3146 1768 Georgius
3195 1709 3298 1749 su-

739 1816 958 1874 panuS,
1006 1797 1174 1872 olym
1215 1795 1309 1854 vir
1359 1793 1696 1874 legittimus
1745 1794 2025 1865 eiusdem
2074 1794 2322 1854 domine
2370 1794 2733 1871 Elyzabeth,
2780 1803 2960 1873 pater
2991 1815 3142 1855 vero
3169 1795 3296 1856 dic-

738 1912 943 1963 torum
989 1904 1228 1977 Briccii,
1277 1904 1518 1963 Thome
1552 1910 1614 1962 et
1641 1902 1867 1977 Iacobi,
1907 1910 2200 1981 quartam
2227 1904 2569 1981 puellarem
2597 1904 3157 1981 possessionariam
3186 1924 3298 1964 seu

738 2010 1134 2089 quartalicias
1198 2010 1631 2090 possessiones
1695 2018 1756 2069 et
1808 2009 2139 2089 porciones
2203 2010 2733 2087 possessionarias
2780 2012 3001 2071 nobilis
3050 2011 3299 2071 domine

739 2118 937 2178 Elena
983 2126 1222 2192 vocate,
1273 2118 1394 2179 filie
1429 2118 1703 2177 condam
1733 2117 1994 2193 Mathye
2042 2116 2149 2176 filii
2194 2116 2433 2175 Munko
2482 2119 2560 2176 de
2608 2117 2775 2177 dicta
2819 2118 3189 2193 Korilowcz,
3235 2118 3299 2177 in

737 2226 959 2285 eadem
1006 2224 1375 2297 Korilowcz,
1409 2224 1471 2283 in
1500 2223 2003 2301 possessionibus
2034 2223 2259 2301 prefati
2291 2225 2556 2284 condam
2589 2225 2849 2302 Mathye
2881 2226 3074 2303 patris
3105 2226 3297 2303 ipsius

735 2333 984 2393 domine
1032 2333 1226 2391 Elene
1273 2330 1550 2391 habitam
1599 2337 1662 2390 et
1691 2330 2079 2405 existentem,
2128 2331 2206 2390 ab
2242 2333 2465 2391 eadem
2499 2332 2750 2395 domina
2798 2332 3013 2408 Elena,
3062 2334 3299 2393 dudum

738 2440 943 2500 adhuc
990 2440 1137 2499 dum
1185 2438 1461 2517 prefatus
1492 2439 1762 2498 condam
1796 2436 2112 2518 Georgius
2160 2457 2438 2517 supanus
2471 2440 2533 2497 in
2564 2440 2685 2499 hoc
2714 2441 2925 2499 seculo
2972 2440 3298 2519 temporali

734 2547 1006 2620 vixisset,
1054 2554 1352 2624 percepta
1382 2545 1650 2623 pecunia
1703 2545 1959 2605 emisset
2004 2554 2306 2624 perpetuo
2353 2546 2816 2624 possidendam,
2863 2567 2977 2625 pro
3008 2547 3183 2607 cuius
3208 2547 3298 2607 rei

735 2654 955 2715 maiori
1003 2653 1388 2726 certitudine,
1423 2653 1648 2712 eadem
1674 2653 1930 2712 domina
1975 2652 2337 2729 Elyzabeth,
2370 2654 2432 2712 in
2465 2654 2749 2731 personis
2796 2673 3059 2733 quorum
3090 2674 3297 2733 supra,

735 2761 914 2821 nobis
959 2761 1145 2821 hodie
1194 2760 1508 2838 quandam
1558 2760 1826 2820 litteram
1873 2758 2125 2837 capituli
2172 2760 2434 2819 ecclesie
2481 2761 2944 2839 Zagrabiensis,
2992 2762 3107 2820 sub
3134 2778 3295 2839 ‘pen-

736 2870 901 2930 denti
953 2869 1156 2949 sigillo
1205 2869 1486 2928 eiusdem
1519 2867 1787 2944 capituli,
1838 2868 1915 2926 ad
1945 2867 2286 2928 fassionem
2334 2868 2611 2946 predicte
2643 2869 2891 2929 domine
2924 2870 3135 2942 Elene,
3182 2888 3298 2947 pro

735 2986 911 3055 parte
961 2976 1154 3053 ipsius
1203 2976 1471 3035 condam
1503 2974 1764 3053 Georgii
1809 2975 2034 3051 supani
2081 2993 2271 3052 super
2313 2976 2535 3035 eadem
2581 2984 2805 3054 quarta
2849 2977 3109 3055 puellari
3154 2996 3296 3055 pos-

739 3084 1116 3145 sessionaria
1183 3079 1548 3155 confectam,
1615 3080 1795 3140 nobis
1842 3082 2245 3159 presentavit,
2294 3082 2353 3141 in
2402 3102 2527 3161 qua
2577 3083 2637 3142 id
2686 3102 2980 3161 expresse
3028 3083 3297 3143 vidimus

736 3190 1052 3265 contineri,
1100 3191 1268 3269 quod
1313 3189 1598 3268 predicta
1646 3188 1899 3248 domina
1931 3190 2129 3249 Elena
2162 3190 2391 3249 dictam
2423 3210 2599 3250 suam
2634 3200 2921 3270 quartam
2955 3194 3294 3270 puellarem

734 3298 1293 3377 possessionariam
1342 3316 1482 3356 cum
1531 3297 1818 3356 omnibus
1866 3297 1996 3356 suis
2028 3297 2391 3357 utilitatibus
2426 3306 2487 3357 et
2525 3300 2922 3376 pertinenciis
2968 3300 3295 3375 universiS,

733 3406 1012 3484 predicto
1059 3406 1327 3465 condam
1373 3404 1651 3484 Georgio
1699 3423 1940 3482 supano
1992 3423 2065 3464 ac
2110 3424 2223 3482 per
2270 3424 2411 3465 eum
2460 3407 2590 3465 suis
2636 3407 2987 3482 heredibuS‚
3034 3428 3148 3487 pro
3182 3428 3294 3468 sex

733 3513 986 3572 florenis
1019 3513 1153 3573 auri
1184 3512 1568 3579 vendidisset
1612 3519 1916 3589 perpetuo
1965 3511 2425 3589 possidendam,
2459 3513 2522 3571 in
2548 3514 2723 3572 cuius
2748 3523 2968 3593 quarte
3000 3515 3294 3592 puellaris

733 3620 1225 3698 possessionarie
1272 3638 1385 3697 per
1432 3620 1635 3696 ipsum
1681 3620 1956 3677 condam
2005 3618 2353 3699 Georgium
2403 3640 2709 3698 sapanum
2756 3622 2941 3681 modo
2988 3622 3293 3700 premisso

734 3736 1110 3804 comparate,
1175 3746 1249 3785 ex
1299 3744 1375 3785 eo
1441 3726 1665 3784 eadem
1731 3725 1983 3784 domina
2045 3726 2388 3801 Elyzabeth
2454 3746 2592 3786 curn
2656 3728 2911 3805 prefatis
2976 3728 3115 3788 filiis
3164 3730 3292 3788 suis

736 3834 1074 3893 dominium
1123 3842 1184 3892 et
1230 3832 1671 3910 proprietatem
1720 3832 2021 3910 legittime
2070 3833 2255 3892 vellet
2302 3833 2569 3907 introire,
2618 3836 2765 3914 quia
2813 3836 3035 3895 eadem
3069 3845 3292 3914 quarta

735 3940 1027 4019 puellaris
1097 3938 1595 4017 possessionaria
1667 3939 1935 3997 eandem
2008 3940 2324 3998 dominam
2386 3942 2731 4017 Elyzabeth
2794 3962 2936 4002 cum
2999 3943 3291 4021 predictis

733 4047 872 4107 filiis
919 4046 1047 4105 suis
1096 4065 1133 4104 a
1179 4045 1422 4123 prefato
1470 4045 1738 4104 condam
1787 4044 2065 4125 Georgio
2118 4065 2377 4123 supanO,
2425 4056 2567 4125 post
2612 4048 2805 4125 ipsius
2876 4050 3111 4109 obitum
3160 4050 3291 4109 iure

732 4152 1106 4214 hereditario
1155 4170 1530 4211 concernere
1580 4151 1919 4211 dinoscitur
1966 4160 2027 4211 et
2074 4162 2377 4230 spectare,
2443 4162 2663 4231 petens
2729 4174 2844 4214 nos
2892 4155 3101 4215 debita
3148 4176 3289 4215 cum

735 4260 1060 4334 instancia,
1109 4267 1177 4319 ut
1223 4260 1427 4337 ipsam
1474 4268 1762 4338 quartam
1809 4260 2150 4337 puellarem
2198 4262 2777 4338 possessionariam,
2825 4282 2865 4321 a
2909 4264 3103 4323 tribus
3150 4284 3289 4341 par-

731 4368 898 4427 tibus
945 4367 1250 4426 dictorum
1297 4367 1767 4444 possessionum
1816 4374 1877 4425 et
1923 4367 2287 4444 porcionum
2334 4370 2973 4446 possessionariarum
3032 4372 3290 4449 predicti

733 4475 1001 4534 condam
1048 4474 1324 4550 Mathye,
1389 4473 1582 4551 patris
1631 4472 1823 4551 ipsius
1872 4474 2120 4533 domine
2183 4475 2394 4549 Elene,
2456 4494 2570 4553 per
2632 4476 2996 4557 iobagiones
3044 4486 3290 4537 nostros

732 4581 1085 4661 fidedignos
1149 4599 1463 4658 separare,
1527 4587 1590 4639 et
1655 4580 1745 4639 sic
1811 4580 1871 4638 in
1918 4579 2121 4657 ipsam
2184 4590 2539 4659 separatam
2603 4592 2888 4661 quartam
2949 4585 3289 4662 puellarem

731 4687 1291 4766 possessionariam
1341 4706 1452 4746 seu
1501 4687 1562 4745 in
1610 4686 1948 4746 dominium
1982 4687 2191 4765 ipsiuS,
2224 4688 2568 4766 predictam
2599 4691 2913 4750 dominam
2947 4692 3290 4767 Elyzabeth

734 4814 878 4854 cum
925 4794 1076 4871 ipsis
1123 4794 1262 4853 filiis
1310 4794 1439 4852 suis
1502 4793 1912 4866 introducere,
1979 4814 2053 4854 ac
2100 4796 2365 4855 eandem
2414 4804 2702 4875 quartam
2747 4798 3086 4876 puellarem
3147 4819 3288 4877 pos-

732 4900 1172 4961 sessionariam
1221 4900 1422 4959 eidem
1473 4899 1720 4958 domine
1768 4900 2113 4977 Elyzabeth
2161 4910 2226 4982 et
2264 4903 2441 4961 dictis
2492 4904 2627 4962 filiis
2677 4904 2806 4963 suis
2840 4904 3028 4964 statui
3076 4905 3284 4966 facere
