3917 5592
817 485 946 546 382

1027 699 1346 758 Ibidem
1392 698 1474 757 in
1520 695 1880 756 sinistro
1927 695 2339 775 margine:
2398 696 2607 756 Homo
2652 694 2896 755 banalis
2942 696 3258 755 Iohannes
3307 695 3378 755 li-

813 815 1052 868 teratus
1101 807 1178 865 de
1225 805 1616 879 Malcheuch,
1679 812 1892 863 noster
1956 803 2349 883 G[regorius]
2403 804 2710 881 presbiter
2774 804 2853 863 de
2916 804 3378 879 Iakozerdahel‚

813 915 1140 975 statutoria
1185 914 1354 973 facta
1399 913 1513 972 fuit
1557 911 1714 971 feria
1757 910 1948 970 tercia
2020 904 2304 989 proxima
2350 918 2492 990 post
2537 910 2766 970 festum
2828 910 3157 970 beatorum
3207 912 3373 989 Thy-

810 1022 1010 1082 burcii
1059 1029 1120 1081 et
1166 1020 1482 1081 Valeriani
1530 1018 1870 1092 martirum,
1917 1017 2315 1096 presentibus
2346 1017 2578 1077 ibidem
2624 1016 2886 1077 Nicolao
2933 1017 3058 1078 filio
3106 1019 3373 1079 condam

811 1129 1073 1189 Fabiani
1137 1131 1214 1188 de
1281 1129 1698 1205 Lompnycza,
1725 1105 1730 1113 ι
1760 1125 2071 1209 Michaele
2124 1124 2268 1214 kfilio
2333 1124 2729 1185 Benchkonis
2802 1125 2880 1185 de
2944 1124 3373 1203 Gywletyncz,

812 1237 1088 1296 Martino
1136 1234 1262 1294 filio
1311 1234 1478 1294 Petri
1509 1234 1606 1315 ‘de
1652 1233 2063 1309 Schytharya,
2111 1233 2388 1295 Iohanne
2435 1231 2564 1291 filio
2628 1230 2875 1291 Nicolai
2922 1230 3027 1291 filii
3073 1234 3246 1291 Iwan
3294 1233 3372 1293 de

812 1343 1243 1421 Brezowycha
1305 1389 1317 1402 .
1369 1388 1380 1401 .
1431 1388 1443 1400 .
1493 1388 1506 1400 .
1556 1388 1572 1423 ·.
1617 1387 1631 1400 .
1679 1388 1694 1400 .
1742 1386 1755 1401 .
1821 1340 2275 1401 contradictore
2340 1347 2700 1419 apparente.
2765 1340 2998 1400 Datum
3062 1334 3211 1400 XV⁰
3272 1340 3371 1401 die

1028 1590 1312 1659 Originale
1350 1591 1710 1643 chartaceum
1749 1604 2000 1657 exesum,
2040 1604 2076 1642 a
2111 1592 2265 1657 tergo
2304 1588 2363 1643 in
2404 1589 2577 1643 dextr.
2622 1588 2875 1659 margine
2926 1588 3227 1657 vestigium
3274 1604 3371 1657 ap-

812 1681 990 1751 pressi
1031 1680 1215 1749 sigilli,
1256 1695 1367 1753 quo
1406 1680 1569 1733 l²tera
1619 1679 1814 1733 clausa
1862 1680 1997 1732 erat.
2038 1678 2099 1732 In
2137 1678 2373 1733 archivo
2412 1678 2581 1747 capit.
2630 1678 3039 1747 Zagrabiensis‚
3080 1679 3185 1732 loc.
3226 1678 3379 1731 cred·

811 1771 874 1825 G.
913 1770 1016 1824 No,
1055 1770 1178 1825 393.

811 1901 847 1907 ..-
1060 1902 1069 1906 -
1106 1900 1236 1907 -η-

1027 1969 1041 1997 ¹
1081 1969 1162 2024 sic
1200 1968 1414 2039 (apud).
1493 1970 1512 1998 ²
1549 1968 1630 2024 sic
1669 1968 1940 2039 (vellent).
1971 1976 1978 1982 '
2019 1972 2038 1998 ³
2076 1969 2173 2024 sic.
2250 1970 2270 1999 ⁴
2308 1970 2405 2025 sic.
2484 1972 2503 1997 ⁵
2540 1970 2636 2024 sic.

1999 2271 2212 2343 ³10.

1022 2475 1208 2535 Anno
1265 2469 1448 2535 1458.
1507 2472 1602 2533 17.
1651 2474 1794 2534 iulii.
1841 2472 2213 2553 Zagrabiae.

1032 2673 1244 2732 Litera
1290 2692 1479 2751 super
1523 2673 1704 2732 bonis
1750 2672 2043 2731 Kurilocz
2090 2678 2152 2731 et
2197 2671 2531 2730 Lukavecz
2576 2689 2787 2731 coram
2836 2672 3174 2752 Bogauecz
3222 2675 3379 2735 Mla-

815 2775 1064 2853 koucz¹,
1114 2780 1453 2839 castellano
1518 2779 1702 2839 castri
1761 2779 2037 2839 Medved
2102 2785 2164 2838 et
2224 2776 2447 2837 comite
2512 2775 2739 2857 Campi
2786 2779 3249 2860 ZagrabiensiS,
3300 2801 3377 2843 ac

810 2889 1042 2948 Ioanne
1072 2886 1197 2947 filio
1230 2886 1552 2946 Benedicti
1585 2882 1895 2967 Iaginich²
1943 2887 2021 2946 de
2069 2884 2388 2964 Superiori
2422 2885 2774 2961 Lukavecz,
2823 2887 3047 2947 comite
3080 2889 3378 2963 terrestri,

813 2997 890 3054 de
938 2995 1086 3053 dato
1133 2994 1504 3073 Zagrabiae,
1552 2994 1707 3055 feria
1755 2995 2034 3054 secunda
2077 2992 2361 3071 proxima
2394 3003 2537 3053 ante
2569 2994 2797 3054 testum
2844 3014 2891 3055 s.
2940 2995 3371 3075 Magdalenae

814 3122 866 3161 a.
925 3098 1108 3161 1458.
1159 3102 1458 3162 confecta.

1027 3242 1354 3297 Memoriale
1393 3243 1682 3299 literarum
1711 3243 1960 3298 familiae
1992 3243 2479 3313 Pogledichianae.
2518 3243 2683 3312 Apud
2710 3245 2841 3298 nob.
2881 3244 3078 3314 Georg.
3118 3243 3381 3315 Pogledie

812 3332 868 3385 in
909 3330 1204 3387 Kurilovec
1240 3332 1345 3388 No.
1381 3333 1469 3389 52.

1036 3497 1050 3525 ¹
1088 3495 1170 3550 sic
1209 3495 1606 3566 (Milakouicz).
1683 3498 1702 3526 ²
1739 3496 1822 3552 sic
1859 3494 2153 3566 (lagnich).

1988 3782 2204 3852 ³20.

1029 3984 1213 4043 Anno
1271 3981 1455 4044 1458.
1505 3982 1606 4044 25.
1657 3985 2044 4061 septembris,
2086 3985 2457 4065 Zagrabiae.

815 4178 1178 4262 Bogauecz
1240 4176 1637 4261 Mylakoycz
1708 4196 1930 4241 comes
2006 4178 2254 4262 Campi
2314 4178 2813 4263 Zagrabiensis
2882 4202 2963 4245 ac
3034 4180 3378 4246 Iohannes

816 4284 1116 4369 Iagnycz
1163 4283 1245 4349 de
1291 4283 1455 4367 Sap.
1505 4282 1898 4361 Lukawecz,
1962 4305 2185 4349 comes
2232 4288 2393 4350 terr.
2456 4286 2765 4351 eiusdem
2830 4288 3096 4372 Campi,
3156 4292 3375 4353 statu-

811 4393 1070 4456 tionem
1121 4390 1462 4456 nobilium
1527 4390 1979 4456 dominarum
2028 4391 2340 4477 Agatltae
2386 4396 2451 4457 et
2512 4392 2803 4459 Vrsulae
2850 4395 3177 4480 filiarum
3234 4396 3376 4461 Ste-

811 4498 1030 4583 phani
1065 4498 1218 4583 filii
1265 4498 1494 4563 Marci
1541 4498 1782 4583 Kopoz
1826 4499 1908 4564 de
1956 4500 2216 4579 Lus-an,
2280 4501 2357 4565 in
2404 4504 2729 4586 quartam
2777 4503 3149 4567 earundem
3196 4504 3379 4577 imel-

1754 4606 1991 4685 larem‚
2039 4606 2426 4692 notificant.

1025 4806 1157 4863 Nos
1207 4806 1541 4885 Bogauecz
1591 4806 1965 4884 Mylakoycz
2036 4808 2411 4868 castellanus
2460 4809 2649 4869 castri
2710 4810 3008 4871 Medwed
3056 4820 3118 4871 et
3165 4830 3377 4872 comes

813 4911 1038 4989 Campi
1105 4912 1552 4991 Zagrabiensis
1601 4932 1677 4973 ac
1725 4914 2031 4975 Iohannes
2094 4915 2257 4975 filius
2314 4916 2639 4976 Benedicti
2686 4916 2793 4977 filii
2854 4918 3125 4999 lagnycz
3172 4918 3379 4979 vocati

812 5020 890 5078 de
937 5018 1260 5098 Superiori
1305 5020 1659 5080 Lukawecz
1707 5040 1919 5082 comes
1951 5023 2260 5083 terrestris
2290 5022 2571 5084 eiusdem
2604 5024 2831 5104 Campi
2862 5026 3160 5087 memorie
3208 5046 3375 5089 com-
