3917 5592
3056 448 3141 511 29

583 662 666 721 ad
715 671 997 722 nostram
1046 662 1418 722 accedentes
1465 662 1875 741 presenciam,
1925 662 2337 723 exhibuerunt
2381 664 2561 724 nobis
2630 664 2867 725 litteras
2916 664 3147 725 domini

584 770 780 830 nostri
826 770 926 829 L.¹
976 770 1146 849 regis
1193 770 1537 849 Hungarie,
1586 770 1650 829 in
1699 769 1924 848 quibus
1973 772 2153 831 nobis
2185 771 2585 850 precipiebat,
2635 773 2801 851 quod
2834 775 3147 851 quandam

582 878 952 956 particulam
997 886 1162 937 terre
1211 896 1428 937 eorum
1473 877 1848 938 hereditarie
1895 878 2073 939 Odra
2120 889 2360 953 uocate,
2396 882 2478 940 ad
2516 880 2697 939 vnius
2748 882 2933 939 aratri
2967 901 3149 940 vsum

583 993 644 1045 et
709 984 961 1059 dimidii,
1025 994 1088 1045 et
1134 986 1451 1064 quandam
1497 985 1764 1045 insulam
1813 986 2092 1047 similiter
2138 988 2398 1047 Preloca
2445 996 2754 1061 uocatam,
2825 1008 3014 1065 quarn
3070 989 3148 1047 ab

584 1093 822 1153 eisdem
869 1093 1227 1170 Stephanus
1275 1094 1593 1171 quondam
1639 1094 1842 1154 banus
1889 1094 2221 1154 Sclauonie
2268 1114 2381 1173 per
2428 1095 2781 1172 potenciam
2832 1096 3148 1169 alienarat,

586 1200 822 1260 eisdem
891 1200 1218 1259 restituere
1293 1201 1683 1275 deberemus,
1755 1210 1940 1279 prout
1986 1202 2049 1261 in
2098 1202 2380 1261 eiusdem
2450 1203 2681 1262 domini
2739 1203 2933 1262 nostri
2983 1203 3149 1282 regis

583 1306 910 1387 priuilegio
977 1307 1200 1367 exinde
1273 1308 1555 1367 confecto
1611 1308 1952 1369 viderimus
2025 1309 2267 1387 plenius
2332 1310 2649 1369 contineri.
2742 1310 2875 1370 Nos
2940 1309 3149 1389 itaque

584 1415 894 1494 preceptis
965 1415 1199 1475 domini
1246 1416 1442 1476 nostri
1489 1417 1658 1495 regis
1706 1417 2215 1493 obtemperantes
2262 1425 2330 1475 ut
2376 1418 2696 1491 debemus,
2752 1417 3147 1495 presentibus

587 1522 880 1583 Ladizlao
923 1522 1048 1583 filio
1097 1522 1408 1599 Gymzina
1440 1524 1665 1583 comite
1713 1524 2008 1597 terrestri,
2054 1524 2225 1583 Iwan
2256 1524 2383 1583 filio
2414 1524 2764 1601 Menezlay,
2812 1524 3148 1605 Obulgano

585 1631 710 1690 filio
759 1631 1122 1707 Domomyr,
1170 1632 1380 1690 Rados
1427 1631 1552 1690 filio
1601 1630 1876 1709 Georgii,
1925 1631 2137 1690 Paulo-
2168 1631 2294 1691 filio
2322 1631 2512 1690 wida
2560 1640 2622 1691 et
2668 1632 2931 1705 BosenC,
2978 1630 3147 1692 ioba-

586 1739 876 1819 gionibus
951 1739 1137 1798 castri
1207 1739 1654 1819 Zagrabiensis
1726 1740 2073 1819 ceterisque
2144 1740 2327 1799 sociis
2398 1740 2757 1813 eorundem,
2829 1760 2867 1799 a
2928 1740 3150 1819 quibus

588 1848 788 1908 eciam
836 1865 978 1906 cum
1051 1865 1333 1906 essemus
1381 1846 1710 1927 Zagrabie,
1783 1846 2080 1906 sciscitati
2144 1845 2371 1905 fuimus
2421 1854 2483 1905 et
2530 1847 2945 1925 comperimus
3014 1866 3151 1925 pre-

587 1954 782 2014 fatam
851 1953 1220 2032 particulam
1284 1962 1450 2013 terre
1512 1961 1574 2013 et
1637 1954 1907 2013 insulam
1976 1952 2251 2031 ipsorum
2322 1954 2590 2013 filiorum
2658 1954 2892 2031 Endyri
2960 1954 3151 2013 fuisse

590 2062 997 2122 hereditarias
1045 2062 1125 2121 ab
1175 2060 1446 2140 antiquo,
1507 2061 1791 2140 inspecto
1840 2060 2041 2121 eciam
2086 2060 2414 2140 priuilegio
2463 2061 2695 2121 domini
2742 2062 2937 2121 nostri
2984 2062 3151 2141 regis

592 2169 751 2230 sicut
798 2170 1080 2229 eiusdem
1121 2168 1315 2229 series
1364 2168 1736 2243 continebat,
1787 2169 1886 2229 cui
1917 2187 2035 2229 nec
2082 2188 2195 2247 per
2226 2168 2500 2246 prefatos
2546 2167 2917 2249 iobagiones
2965 2169 3152 2228 castri

593 2278 789 2338 extitit
836 2277 1304 2351 contradictum,
1376 2276 1756 2337 restituimus
1805 2285 1868 2337 et
1913 2276 2273 2356 reliquimus
2345 2276 2676 2355 sepedictis
2722 2276 2861 2335 filiis
2917 2276 3151 2353 Endyri

590 2394 890 2465 perpetuo
939 2394 1003 2445 et
1045 2384 1549 2460 irreuocabiliter,
1597 2393 1781 2463 prout
1829 2404 2047 2445 eorum
2078 2384 2193 2443 fuit
2238 2393 2441 2457 antea,
2489 2382 2920 2461 possidendaS,
2960 2402 3151 2463 quam

592 2494 841 2574 quidem
887 2494 1254 2572 particulam
1301 2501 1464 2553 terre
1499 2502 1561 2553 et
1591 2493 1858 2552 insulam
1903 2511 2018 2570 per
2065 2491 2321 2551 eosdem
2351 2490 2511 2550 filios
2558 2490 2794 2567 Endyri
2828 2510 2901 2551 ac
2934 2510 3149 2550 eorum

591 2604 854 2663 heredes
922 2604 1349 2680 heredumque
1411 2620 1810 2661 successores
1882 2602 2105 2659 eadem
2168 2597 2565 2677 plenitudine,
2637 2598 2797 2657 sicut
2858 2599 2921 2657 in
2985 2598 3148 2657 dicto

590 2709 914 2790 priuilegio
985 2709 1218 2770 domini
1286 2710 1482 2769 nostri
1548 2710 1716 2789 regis
1785 2709 2028 2787 plenius
2100 2706 2462 2780 continetur,
2535 2707 2820 2766 uolumus
2889 2706 3149 2784 pacifice

589 2817 910 2897 possideri.
957 2818 1026 2877 In
1074 2818 1249 2877 cuius
1298 2818 1385 2877 rei
1432 2818 1798 2877 memoriam
1845 2826 2170 2896 presentes
2212 2816 2635 2875 concessimus
2682 2814 2918 2874 litteras
2966 2814 3156 2893 sigilli

591 2927 782 2986 nostri
829 2926 1165 2986 munimine
1215 2927 1556 3000 roboratas
1649 2926 1883 2985 Datum
1930 2926 1993 2984 in
2040 2924 2261 2998 Crisi0,
2334 2943 2496 2983 anno
2545 2922 2778 2983 domini
2824 2922 3148 2982 millesimo

591 3034 1014 3095 ducentesimo
1062 3034 1531 3113 septuagesimo
1579 3034 1787 3093 terci0.

803 3189 1086 3261 originale
1125 3193 1568 3248 membraneum.
1633 3192 1928 3263 Appendet
1966 3193 2151 3247 solum
2190 3208 2335 3247 zona
2372 3192 2587 3247 sericea
2623 3190 2775 3245 rubri
2816 3194 2873 3244 et
2906 3190 3147 3267 violacei

591 3280 812 3335 coloris.
852 3283 912 3335 In
951 3282 1184 3337 archivo
1223 3283 1378 3373 regni
1418 3282 1752 3351 Hungariae,
1793 3281 2197 3351 Budapestini:
2242 3281 2310 3336 M.
2350 3280 2413 3335 Ο.
2453 3281 2515 3335 D.
2558 3282 2610 3335 L.
2652 3279 2866 3341 32987„
2907 3277 3043 3332 olim
3083 3278 3145 3333 N.

587 3368 652 3423 R.
693 3370 754 3424 Α.
793 3371 928 3425 fasc.
968 3370 1087 3425 135.
1127 3370 1228 3426 No.
1267 3371 1350 3427 20.
1417 3403 1446 3411 -
1501 3372 1848 3441 Kukuljevic,
1905 3372 2163 3442 Regesta.
2203 3370 2305 3426 Νο.
2345 3370 2500 3425 1117.

811 3550 826 3577 ¹
863 3549 1122 3605 Ladislai.

1795 3836 1940 3903 2⁷.

795 4038 979 4097 Anno
1035 4036 1219 4098 1276.
1280 4036 1370 4098 19.
1420 4038 1794 4098 novembriS.

588 4232 838 4294 Coram
909 4232 1212 4315 capitulo
1259 4232 1581 4295 ecclesiae
1651 4230 2165 4315 Zagrabz'ensi3‚
2226 4230 2515 4304 Turclza‚
2574 4230 3025 4315 Churnoglau
3082 4236 3146 4295 et

595 4337 832 4413 Wlksa‚
869 4342 1126 4403 terram
1163 4339 1478 4423 ipsorum
1511 4338 2053 4403 haereditariam
2096 4336 2310 4402 Obres
2342 4338 2620 4415 dictam,
2656 4339 2879 4403 decem
2906 4338 3147 4423 pensis

976 4444 1328 4531 Stephano
1371 4450 1437 4509 et
1485 4444 1728 4510 Blasio
1761 4444 1952 4529 filiis
2018 4444 2347 4524 chonae,
2402 4444 2726 4509 vendunt.

793 4645 1155 4723 Capitulum
1225 4638 1671 4725 Zagrabiensis
1721 4646 1983 4704 ecclesie
2051 4646 2338 4704 omnibus
2412 4648 2491 4703 ad
2539 4664 2695 4723 quos
2764 4644 2959 4703 littere
3008 4664 3146 4723 pre-

577 4762 787 4813 sentes
819 4754 1219 4831 peruenerint
1265 4755 1533 4814 salutern
1565 4754 1626 4813 in
1661 4754 1928 4813 dominO.
1980 4755 2081 4814 Ad
2112 4754 2549 4813 Vniuersorum
2598 4750 2891 4811 noticiam
2924 4753 3145 4810 harum

580 4859 740 4919 serie
789 4861 1074 4920 volumus
1112 4862 1467 4939 peruenire,
1515 4862 1684 4940 quod
1731 4862 2051 4939 Stephano
2099 4861 2223 4920 filio
2256 4862 2524 4921 &Vlcona
2570 4880 2683 4938 pro
2732 4880 2799 4918 se
2849 4868 2909 4917 et
2955 4858 3144 4919 fratre

581 4987 696 5031 suo
727 4970 936 5033 Blasio
985 4970 1234 5035 nomine
1267 4971 1345 5035 ab
1381 4990 1503 5029 vna
1548 4978 1743 5054 parte,
1795 4978 1856 5031 et
1889 4971 2141 5033 Turcha
2171 4989 2243 5031 ac
2278 4968 2689 5052 Churnoglau
2736 4967 2874 5029 filiis
2906 4968 3145 5047 stoyau

1687 5102 1720 5120 Q
