3917 5592
3035 492 3120 560 55

1768 707 1912 780 55.

766 910 953 971 Anno
1009 908 1192 971 1343.
1243 909 1301 971 3.
1350 911 1577 990 aprilis,

563 1104 815 1169 Coram
849 1104 1161 1208 Iohanne.
1182 1106 1429 1169 comite
1453 1104 1930 1189 Zagrabiensi,
1956 1087 2234 1190 Matlzey
2251 1104 2462 1190 filius
2486 1105 2815 1185 Mathiae,
2845 1106 3124 1171 vineam

558 1232 760 1277 suam
808 1214 887 1276 in
934 1216 1165 1276 monte
1226 1211 1293 1279 S.
1346 1212 1781 1290 Catherz'nae,
1853 1212 2095 1277 Marco
2131 1212 2293 1297 filio
2343 1213 2761 1295 Stanomeri,
2828 1218 3131 1300 quatuor

1536 1320 1821 1397 marci&
1866 1320 2121 1386 vendit.

774 1519 907 1577 Nos
936 1518 1240 1599 magister
1286 1518 1595 1578 Iohannes
1626 1537 1838 1579 comes
1864 1516 2331 1599 ¹Zagrabiensis
2361 1510 2791 1599 significamus
2839 1520 3126 1579 omnibus

561 1626 784 1705 quibus
834 1628 1085 1705 expedit
1134 1626 1456 1701 vniuersiS,
1505 1627 1673 1705 quod
1723 1645 1866 1686 cum
1910 1627 2173 1704 Mathey
2218 1626 2381 1687 filius
2435 1626 2695 1704 Mathye
2745 1647 2887 1687 cum
2935 1646 3125 1705 nepo-

560 1735 723 1793 tibus
772 1732 903 1794 suis
950 1734 1240 1794 videlicet
1272 1729 1567 1793 filiorum'
1615 1734 1822 1794 fratris
1871 1735 1968 1793 sui
2016 1734 2239 1794 vterini
2275 1734 2352 1794 ab
2383 1754 2511 1797 una
2557 1743 2752 1813 parte,
2803 1736 2882 1795 ab
2931 1736 3126 1795 altera

562 1861 712 1900 uero
745 1842 931 1901 Mark
976 1842 1139 1901 filius
1172 1842 1547 1919 Stanomery
1596 1862 1738 1901 cum
1769 1842 2024 1902 domina
2071 1842 2264 1902 Lucia
2295 1861 2487 1902 vxore
2535 1862 2653 1903 sua
2685 1861 2899 1902 coram
2921 1819 3125 1903 ‘nobis

563 1948 971 2025 personaliter
1041 1948 1373 2029 constituti,
1444 1950 1611 2009 idem
1658 1950 1917 2025 Mathey
1988 1950 2238 2010 vineam
2305 1944 2487 2010 suam
2548 1969 2865 2030 magnam,
2936 1969 3127 2029 quam

564 2056 752 2116 habet
796 2057 859 2115 in
908 2066 1116 2116 monte
1163 2057 1349 2117 beate
1421 2057 1761 2117 Katherine
1812 2076 1951 2116 cum
2002 2066 2167 2117 terra
2231 2057 2514 2117 eiusdem
2558 2057 2818 2134 Mathey
2867 2056 3124 2117 circum·

561 2166 791 2239 datam,
866 2164 1018 2223 dixit
1065 2173 1128 2224 et
1174 2165 1499 2225 confessus
1560 2174 1656 2225 est
1703 2184 1771 2225 se
1820 2165 2196 2239 vendidisse,
2267 2165 2598 2225 tradidisse
2647 2173 2709 2225 et
2757 2165 3120 2245 assignasse

561 2273 763 2332 eidem
813 2274 1039 2333 Marko
1087 2294 1229 2335 eum
1276 2274 1443 2333 dieta
1490 2274 1745 2335 domina
1812 2274 2006 2334 Lucia
2053 2294 2246 2333 vxore
2307 2293 2423 2333 sua
2470 2273 2739 2349 tenendi,
2795 2273 3128 2365 uendendi,

562 2380 834 2440 donandi
882 2381 983 2441 uel
1030 2382 1595 2460 quomodocunque
1640 2381 1909 2441 faciendi
1955 2381 2216 2441 liberam
2262 2380 2538 2441 habeant
2583 2380 2960 2455 facultatem,
3008 2400 3121 2459 pro

561 2494 828 2563 quatuor
875 2486 1102 2546 marcis
1136 2488 1535 2547 denariorum
1581 2488 1889 2548 bonorum
1919 2488 2255 2563 banalium,
2285 2489 2462 2566 ‘quas
2496 2507 2564 2547 se
2597 2470 2748 2546 di'xit
2778 2488 2856 2547 ab
2891 2487 3130 2547 eisdem

562 2594 837 2670 plenarie
883 2595 1198 2673 recepisse
1246 2594 1633 2676 integraliter
1664 2604 1727 2656 et
1768 2596 2004 2656 habere
2051 2596 2162 2655 tali
2209 2596 2433 2656 modo:
2484 2596 2651 2673 quod
2699 2596 2752 2655 si
2797 2596 2936 2674 quis
2985 2604 3128 2654 ante

566 2700 881 2775 deciderit,
933 2704 1249 2780 superstiti
1314 2703 1479 2763 dicta
1544 2704 1731 2763 vinea
1778 2702 2140 2787 remanebit.
2231 2704 2300 2762 In
2347 2704 2523 2762 cuius
2587 2722 2696 2779 rey
2747 2702 3129 2775 memoriam,

563 2809 955 2886 presentibus
988 2809 1259 2889 sigillum
1292 2820 1572 2870 nostrum
1621 2796 1909 2871 duximus
1942 2812 2400 2890 apponendum.
2451 2812 2682 2870 Datum
2712 2810 2868 2869 feria
2915 2810 3130 2889 quinta

562 2923 706 2975 ante
782 2917 1155 2977 dominicam
1224 2918 1818 2995 Ramispalmarum,
1909 2938 2074 2981 anno
2144 2918 2376 2978 domini
2461 2913 2812 2977 M⁰.CCC⁰.
2870 2924 3120 2995 quatra-

565 3016 841 3103 gesimo²
886 3024 1096 3085 tercio.

781 3162 1067 3232 originale
1128 3166 1572 3220 membraneum.
1648 3166 1945 3235 Appendet
2001 3166 2186 3219 solum
2244 3128 2390 3218 zona
2445 3164 2660 3217 sericea
2711 3162 2865 3217 rubri
2923 3122 3130 3217 coloris

567 3252 781 3321 absque
818 3252 1020 3321 sigillo.
1094 3253 1157 3307 In
1195 3254 1430 3309 archivo
1486 3254 1639 3324 regni
1680 3254 2014 3323 Hungariae‚
2055 3253 2456 3345 Budapestini:
2509 3253 2578 3307 M.
2619 3251 2682 3305 Ο.
2721 3252 2782 3307 D.
2824 3251 3131 3320 1 32986„

568 3341 707 3395 olim
745 3338 807 3395 Ν.
824 3340 909 3397 R.
948 3342 1010 3396 A.
1050 3342 1183 3396 fasc.
1225 3342 1343 3398 135.
1396 3343 1499 3399 No.
1541 3344 1624 3398 1¹7.
1745 3360 1753 3368 >·
2817 3380 2822 3384 -

788 3520 803 3550 ¹
841 3520 937 3574 sic.
1015 3521 1035 3551 ²
1074 3520 1170 3576 sic.

1778 3790 1923 3861 50.

784 3988 969 4049 Anno
1026 3986 1211 4050 1343.
1270 3988 1363 4051 19.
1413 3991 1561 4050 maii
1607 3991 1670 4050 in
1720 3992 2048 4072 Visegrad.

578 4180 971 4246 Lodovicus
1018 4183 1439 4267 Htmgam'ae
1505 4188 1624 4252 etc.
1672 4204 1810 4263 rex,
1880 4184 2253 4250 Nicolaum
2303 4185 2564 4251 bonum
2609 4186 2704 4249 ad
2769 4185 3031 4250 nobiles
3075 4189 3140 4251 et

580 4289 977 4375 iobagiones
1022 4295 1451 4377 caeterosque
1496 4292 1814 4358 homines
1862 4294 2052 4358 inter
2074 4294 2397 4358 Dravum
2445 4298 2511 4358 et
2565 4292 2808 4358 Gvozd
2852 4314 3142 4358 commo-

576 4401 815 4462 rantes
844 4400 1085 4477 mittit,
1118 4403 1199 4464 ut
1227 4400 1915 4485 eis-satisfactionem
1946 4407 2160 4486 super
2189 4402 2492 4467 iniuriis
2517 4406 2646 4486 per
2670 4422 3137 4495 quemcunque

1555 4507 1797 4588 illatis,
1844 4496 2172 4574 exhibeat.

794 4705 1150 4766 Lodouicus
1196 4706 1311 4766 ‚dei
1378 4706 1597 4786 gracia
1658 4727 1767 4768 rex
1832 4709 2161 4788 Hungarie
2231 4709 2516 4769 fidelibus
2566 4704 2698 4768 suis
2739 4708 3145 4768 -vniuersitati

579 4812 897 4887 nobilium,
944 4812 1507 4893 iobagionibusqu'e
1555 4816 1742 4876 castri
1790 4823 1853 4875 et
1900 4816 2034 4875 aliis
2083 4816 2356 4875 cuiusuis
2405 4825 2603 4877 status
2653 4810 3142 4877 et‘condicionis

582 4920 937 4979 hominibus
982 4920 1046 4980 in
1091 4928 1261 4981 terra
1295 4922 1636 4983 Sclauonie
1684 4924 1842 4983 inter
1886 4924 2148 4983 fluuium
2181 4924 2412 4984 Drawe
2461 4932 2524 4984 et
2570 4923 2750 4984 Gozd
2797 4920 3144 4984 constitutis

588 5036 651 5087 et
698 5027 1121 5105 existentibuS,
1188 5031 1455 5089 salutem
1501 5039 1563 5090 et
1609 5029 1907 5110 graciam.
2001 5032 2224 5092 Vestre
2273 5032 2696 5093 Vniuersitatis
2743 5032 3010 5093 fidelitas
3059 5032 3144 5093 di-
