3917 5592
718 326 853 387 200

1893 533 2108 607 204.

931 737 1114 796 Anno
1166 710 1193 795 '1
1206 733 1355 796 426.
1408 733 1503 796 19.
1550 734 1859 796 februarii.

928 931 1161 992 Coram
1210 930 1479 1009 capitulo
1527 930 1830 991 ecclesiae
1878 931 2343 1011 ZagrabiensiS,
2394 932 2613 992 civitas
2647 933 2882 992 Montis
2912 933 3267 1008 GrecensiS,

714 1038 1073 1099 Ladislaum
1122 1038 1314 1097 filium
1361 1037 1605 1097 Nicolai
1652 1038 1798 1097 dicti
1844 1038 2070 1127 Thoth·
2103 1048 2163 1098 et
2201 1039 2510 1115 Johanem
2557 1040 2749 1099 filium
2797 1040 3132 1113 Laurentii,
3190 1040 3269 1099 si·

715 1146 939 1206 militer
984 1146 1131 1205 dicti
1178 1145 1381 1204 Thoth
1418 1146 1494 1203 de
1529 1145 1959 1218 Zumzedwar,
2011 1164 2048 1204 a
2081 1146 2295 1225 regiae
2342 1146 2687 1206 maiestatis
2720 1166 2831 1224 pro
2863 1167 2931 1207 se
2964 1146 3114 1225 ipsis
3163 1147 3273 1206 im-

714 1251 1078 1330 pretatione‚
1145 1250 1601 1311 statuifactione
1652 1260 1713 1310 et
1759 1251 2114 1312 detentione
2177 1253 2644 1330 possessionum
2701 1254 2904 1313 dictae
2972 1254 3274 1314 civitatis:

716 1358 1070 1432 Petrouina‚
1118 1359 1407 1417 Hrascha
1453 1366 1516 1416 et
1561 1357 1968 1433 Silyakouina
2015 1368 2531 1437 nuncupatamm,
2579 1360 2880 1438 prohibet.

928 1498 1168 1551 [oannes
1206 1495 1459 1549 Tkalcic:
1502 1494 1647 1549 Mon.
1690 1495 1817 1549 hist.
1860 1496 1905 1548 ci
1947 1496 2007 1549 it.
2048 1497 2354 1564 Zagrabiae
2393 1499 2453 1553 Π.
2480 1516 2534 1567 p.
2572 1498 2660 1553 53.
2702 1528 2748 1538 -
2793 1497 3078 1567 Originale
3107 1500 3265 1553 char-

716 1588 952 1651 taceum,
992 1601 1027 1637 a
1064 1587 1218 1652 tergo
1258 1583 1555 1652 vestigium
1598 1584 1849 1653 appi-essi
1891 1584 2074 1651 sigilli.
2117 1587 2176 1640 ln
2217 1587 2452 1641 archivo
2493 1588 2585 1642 lib.
2634 1604 2744 1655 reg.
2772 1604 2801 1640 c
2826 1588 2906 1642 vit
2953 1585 3275 1656 Zagrabiae.

1898 1870 2112 1943 205.

929 2072 1113 2133 Anno
1169 2070 1352 2133 1426.
1401 2070 1503 2132 24.
1554 2075 1821 2153 augusti.
1868 2074 2237 2155 Zagrabiae.

929 2288 1138 2347 Litera
1167 2308 1355 2367 super
1401 2289 1581 2348 bonis
1628 2287 1945 2363 Mraczlin,
1981 2307 2193 2349 coram
2241 2288 2581 2349 Benedicto
2613 2288 2738 2349 filio
2771 2289 3014 2349 Nicolai
3045 2291 3271 2350 comite

709 2396 1004 2469 terrestri,
1052 2396 1422 2476 Zagrabiae,
1470 2397 1531 2455 in
1578 2396 1737 2455 festo
1770 2397 1970 2455 saneti
2019 2396 2437 2455 Bartholomei
2471 2398 2752 2474 apostoli,
2785 2398 2846 2456 in
2881 2416 3044 2457 anno
3089 2396 3272 2458 1426.

716 2512 1025 2563 emanata.

926 2642 1251 2697 Memoriale
1301 2643 1586 2697 literarum
1648 2642 1895 2697 familiae
1956 2642 2442 2709 Pogledichianao..
2514 2644 2676 2713 Apud
2754 2645 2884 2698 nob.
2964 2644 3266 2712 Georgium

718 2732 975 2803 Pogledic
1012 2734 1071 2786 in
1111 2734 1423 2787 KuriioveC.
1461 2733 1562 2786 No.
1602 2733 1687 2786 52.

1894 3016 2107 3085 206.

927 3236 1112 3294 Anno
1168 3233 1350 3295 1427.
1400 3233 1502 3295 20.
1550 3233 1831 3295 ianuarii.

721 3447 971 3511 Coram
1019 3446 1389 3511 Benedicto
1441 3444 1604 3529 filio
1666 3444 1946 3509 Nicolai
2016 3445 2262 3509 comite-
2309 3446 2625 3510 terrestri
2698 3445 2945 3530 Campi
3011 3446 3272 3529 Zagru-

714 3553 991 3630 biensi8‚
1074 3552 1371 3617 Thomas
1420 3551 1629 3636 filius
1697 3551 1911 3616 Pauli
1964 3550 2116 3635 filii
2187 3551 2517 3629 LectoriS,
2586 3552 2766 3617 alter
2843 3552 3141 3617 Thomas
3208 3558 3273 3617 et

711 3658 1103 3745 Stephanus
1138 3658 1291 3743 filii
1337 3657 1675 3723 Iohannis
1710 3656 1863 3741 filii
1887 3658 2234 3742 praedicti
2283 3658 2593 3723 Lectoris
2639 3659 2720 3723 de
2750 3658 2964 3743 Infer.
3019 3660 3268 3744 Lomp—

709 3768 916 3832 nicza
962 3788 1121 3831 cum
1177 3765 1517 3850 Gregorio
1573 3770 1638 3829 et
1709 3765 1929 3829 Paulo
1988 3765 2178 3850 filiis
2248 3766 2594 3830 Damiam‘
2663 3766 2746 3830 de
2811 3767 3065 3843 eadem,
3112 3767 3272 3830 lites

1590 3872 1959 3937 homicidii
2003 3872 2370 3937 dirimunt.

925 4074 1059 4132 Nos
1126 4072 1502 4133 Benedictus
1564 4071 1725 4132 filius
1788 4071 2031 4131 Nicolai
2092 4090 2304 4132 comes
2365 4072 2676 4131 terrestris
2740 4071 2967 4151 Campi
3029 4074 3268 4153 Zagra-

710 4180 943 4240 biensis
990 4180 1289 4239 memorie
1337 4179 1851 4239 commendantes
1898 4187 2115 4238 tenore
2155 4178 2556 4256 presencium
2585 4179 3012 4259 significamus
3045 4181 3271 4260 quibus

710 4286 962 4365 expedit
1007 4286 1329 4361 universiS‚
1378 4286 1548 4364 quod
1611 4286 1983 4345 accedentes
2047 4285 2128 4344 ad
2190 4293 2466 4344 nostram
2531 4287 2923 4364 presenciam
2990 4288 3268 4348 Thomas

711 4393 871 4454 filius
918 4394 1096 4453 Pauli
1143 4393 1251 4453 filii
1295 4392 1576 4452 Lectoris
1626 4399 1688 4451 et
1734 4391 1889 4451 alter
1936 4392 2216 4451 Thomas
2280 4410 2356 4450 ac
2417 4393 2775 4471 Stephanus
2823 4395 2930 4455 filii
2975 4396 3268 4457 Iohannis

708 4500 815 4560 filii
879 4500 1140 4578 predicti
1204 4500 1500 4574 Lectori8‚
1565 4499 1803 4559 nobiles
1864 4476 2219 4559 castrenses
2283 4499 2361 4557 de
2423 4499 2700 4560 Inferiori
2747 4504 3127 4581 Lompnicza
3163 4503 3265 4564 'ab

707 4626 835 4666 una
881 4613 1074 4685 parte,
1124 4606 1202 4665 ab
1251 4606 1449 4665 altera
1494 4625 1644 4665 vero
1692 4604 2039 4685 Gregorius
2103 4613 2165 4664 et
2210 4605 2443 4664 Paulus
2490 4606 2596 4667 filii
2658 4608 2966 4685 Dauniam,
3030 4611 3269 4672 nobiles

708 4713 987 4773 similiter
1033 4720 1386 4771 castrenses
1420 4713 1497 4772 de
1524 4714 1746 4772 eadem
1775 4710 2054 4770 Inferiori
2087 4711 2488 4789 Lompnicha,
2520 4734 2632 4791 per
2666 4718 2924 4777 eosdem
2958 4719 3268 4778 Thomam

708 4829 772 4880 et
819 4819 1081 4879 alterum
1129 4819 1183 4875 T
1188 4819 1438 4877 homam
1488 4838 1561 4877 ac
1592 4818 1982 4896 Stephanum
2011 4818 2170 4877 filios
2199 4837 2310 4877 seu
2354 4830 2618 4899 nepotes
2652 4824 2929 4884 Lectoris
2959 4825 3268 4903 prenotati
