3917 5592
3020 474 3155 537 389

1709 739 1727 756 .
1765 684 1979 755 324.

800 905 986 966 Anno
1043 902 1226 965 1459.
1287 901 1381 965 19.
1428 904 1649 965 martii.
1704 904 2077 985 Zagrabiae.

593 1117 842 1184 Coram
895 1117 1201 1182 Iohanne
1259 1115 1562 1202 Iagnych
1609 1116 1690 1181 de
1737 1115 1903 1201 Sup.
1956 1116 2337 1182 Lukawecz
2383 1117 2631 1182 comite
2692 1120 2853 1182 terr.
2906 1116 3153 1203 Campi

587 1225 1099 1311 ZagrabiensiS,
1147 1222 1600 1310 Margaretha
1647 1223 1802 1304 filia
1835 1223 2170 1309 Stephani
2210 1223 2489 1309 plebani
2521 1225 2601 1289 in
2636 1224 2848 1305 Odra,
2874 1226 3149 1290 vineam

585 1333 664 1398 in
696 1332 1194 1417 Markusewrg,
1223 1332 1527 1416 quinque
1544 1329 1841 1415 florenis
1875 1329 2211 1395 Clementi
2251 1331 2474 1395 Plawe
2504 1330 2585 1395 de
2621 1330 2864 1416 Chehy,
2896 1332 3151 1396 vendit.

803 1549 937 1608 Nos
986 1548 1296 1608 Iohannes
1351 1547 1512 1606 filius
1561 1547 1828 1606 condam
1893 1547 2220 1608 Benedicti
2284 1543 2593 1628 lagnyck¹
2656 1549 2863 1609 vocati
2910 1550 2988 1609 de
3035 1551 3151 1610 Su-

587 1656 818 1734 periori
863 1655 1218 1715 Lukawecz
1267 1673 1480 1714 comes
1527 1653 1839 1714 terrestris
1871 1653 2099 1733 Campi
2146 1655 2592 1736 Zagrabiensis
2640 1656 2940 1716 memorie
2987 1675 3153 1716 com-

591 1763 962 1823 mendamus
1009 1771 1228 1822 tenore
1276 1761 1669 1840 presencium
1735 1761 2163 1841 significantes
2230 1763 2453 1841 quibus
2518 1763 2767 1841 expedit
2829 1763 3152 1838 universiS,

586 1871 753 1949 quod
801 1870 1210 1950 Margaretha
1258 1866 1385 1929 filia
1432 1869 1700 1928 condam
1734 1868 1969 1928 domini
2014 1869 2333 1947 Stephani,
2367 1869 2618 1946 plebani
2658 1871 2920 1931 ecclesie
2954 1871 3153 1930 sancti

584 1977 847 2058 Georgii
894 1977 1160 2037 martiris
1209 1977 1272 2036 in
1319 1975 1496 2036 Odra
1541 1951 1916 2049 fundatam?
1981 1976 2087 2036 ad·
2108 1984 2386 2036 nostram
2434 1978 2843 2054 personaliter
2890 1978 3149 2037 veniens

590 2086 982 2166 presenciam
1032 2085 1184 2145 dixit
1230 2094 1292 2147 et
1324 2083 1614 2145 confessa
1663 2083 1872 2143 extitit·
1892 2083 1954 2142 in
2004 2084 2168 2142 hunc
2216 2084 2489 2157 modurn,
2537 2092 2606 2142 ut
2652 2084 2788 2162 ipsa
2835 2084 3150 2162 quandam

588 2193 838 2254 vineam
887 2193 1223 2252 montalem
1255 2192 1318 2251 in
1351 2199 1561 2250 monte
1607 2191 2023 2270 Makusewrg
2054 2198 2295 2264 vocat0,
2344 2207 2533 2269 quam
2574 2189 2823 2250 vineam
2869 2189 3146 2268 prefatus

589 2301 876 2361 dominus
929 2300 1286 2378 Stephanus
1350 2297 1738 2376 comparavit
1785 2297 1863 2356 ab
1913 2297 2244 2357 Valentino
2307 2297 2432 2357 filio
2494 2297 2737 2357 Nicolai
2784 2297 2863 2357 de
2918 2298 3145 2370 Lusan,

589 2419 651 2469 et
696 2409 832 2488 ipse
881 2408 1287 2488 Margarethe
1334 2407 1458 2467 filie
1507 2424 1621 2466 sue
1668 2405 2185 2465 testamentaliter
2230 2405 2524 2486 legasset,
2585 2406 2851 2466 eandem
2897 2405 3147 2465 vineam

587 2516 832 2595 prefata
879 2515 1288 2595 Margaretha
1339 2533 1481 2574 cum
1526 2512 1762 2572 iuribus
1791 2512 2199 2590 infrascriptis
2232 2531 2307 2572 ac
2339 2513 2470 2573 suis
2502 2513 2883 2587 utilitatibus,
2929 2512 3145 2572 usibus

586 2622 1116 2684 fructuositatibus
1163 2631 1226 2681 et
1271 2620 1668 2699 pertinenciis
1715 2619 2042 2694 universiS,
2087 2620 2296 2699 ipsam
2340 2621 2816 2701 Margaretham
2876 2639 2991 2698 per
3038 2619 3144 2680 do·

586 2731 914 2791 nacionem
986 2729 1485 2790 testamentalem
1555 2728 1706 2802 iure,
1781 2727 1895 2787 rite
1966 2735 2030 2787 et
2095 2727 2371 2807 legitime
2436 2727 2971 2802 concernentibus,
3029 2746 3144 2805 pro

585 2839 860 2918 quinque
903 2837 1156 2897 florenis
1206 2836 1357 2910 auri,
1405 2834 1733 2909 Clementi,
1782 2835 1902 2894 alio
1935 2834 2186 2894 nornine
2233 2835 2467 2908 Plawe‚
2511 2834 2637 2894 filio
2683 2833 2984 2912 Stephani
3037 2833 3145 2894 filii

585 2945 885 3023 Dyonisii,
934 2942 1344 3005 commoranti
1375 2943 1438 3002 in
1470 2941 1710 3018 Chehy,
1761 2961 1835 3002 ac
1881 2960 1995 3019 per
2027 2960 2171 3001 eum
2204 2941 2332 3000 suis
2380 2941 2711 3001 heredibus
2742 2941 3143 3015 vendidisset,

584 3051 909 3113 tradidiset
970 3060 1034 3111 et
1095 3051 1501 3130 assignasset,
1562 3048 1751 3108 immo
1818 3068 1894 3107 ex
1959 3067 2271 3108 consensu
2319 3055 2382 3107 et
2429 3047 2806 3107 admissione
2865 3047 3143 3123 Mathey,

585 3160 804 3240 generi
866 3160 1130 3220 condam
1179 3156 1581 3218 Wezelkonis
1647 3156 1726 3216 de
1773 3166 1985 3216 monte
2048 3155 2329 3234 predicto
2391 3155 2833 3234 Markusewrg
2887 3162 3141 3229 vocat03

584 3268 734 3327 item
779 3266 1097 3340 Demetrii,
1143 3265 1336 3326 Blasii
1381 3265 1648 3325 filiorum
1675 3263 1928 3323 Andree
1978 3264 2473 3341 Petnechewycz
2508 3264 2587 3323 de
2620 3264 2849 3336 Lusan,
2897 3262 3141 3323 Nicolai

583 3375 645 3434 in
697 3376 921 3435 eadem
966 3375 1197 3448 Lusan,
1246 3380 1310 3433 et
1356 3371 1608 3432 alterius
1669 3372 1912 3432 Nicolai
1973 3372 2205 3432 ibidem
2252 3371 2694 3431 commorantis
2754 3371 2815 3430 in
2861 3371 3140 3449 predicto
3222 3389 3234 3400 ·

587 3491 798 3543 monte
845 3482 1291 3560 Markusewrg
1334 3486 1578 3554 vocato,
1625 3479 1955 3554 Valentini,
1992 3478 2354 3552 ClementiS,
2402 3478 2725 3539 Benedicti
2766 3487 2829 3538 et
2860 3477 3141 3555 Dyonisii

585 3590 849 3649 filiorum
896 3587 1212 3666 Damyani
1258 3588 1337 3647 de
1384 3586 1664 3664 predicta
1710 3586 1940 3659 Lusan,
1990 3585 2249 3666 Georgii
2296 3585 2400 3644 filii
2432 3585 2657 3662 prefati
2686 3584 2929 3645 Nicolai
2974 3585 3138 3644 Lub-

582 3716 757 3774 nycz,
807 3705 870 3756 et
913 3695 1195 3756 Gurdina
1245 3695 1352 3755 filii
1413 3693 1638 3773 prefati
1683 3693 1920 3772 Georgi
1968 3693 2283 3770 Lubnycz,
2349 3692 2513 3752 Galli
2574 3693 2681 3752 filii
2738 3693 2979 3752 Thome
3012 3693 3137 3751 Ke-

579 3797 892 3883 possycz³,
939 3803 1139 3863 Marci
1171 3810 1234 3862 et
1260 3803 1428 3863 Petri
1473 3801 1740 3861 filiorum
1787 3801 1977 3861 Blasii
2025 3800 2190 3860 dicta
2235 3801 2313 3861 de
2345 3800 2593 3874 Lusan3
2641 3800 2791 3859 item
2838 3798 3137 3859 Anthonii

578 3912 755 3971 aliter
800 3912 1058 3972 Iancecz
1105 3910 1312 3969 vocati
1358 3909 1438 3969 de
1483 3908 1764 3986 predicta
1811 3907 2091 3984 Chechy,
2140 3915 2202 3967 et
2246 3905 2425 3966 Pauli
2472 3915 2535 3967 et
2580 3907 2825 3967 Thome
2872 3906 3137 3966 filiorum

576 4019 800 4098 prelati
831 4017 1158 4091 Anthonii3
1206 4017 1356 4077 item
1396 4016 1596 4076 Marci
1628 4010 1895 4096 genere⁴
1926 4015 2194 4075 condam
2216 4015 2527 4094 'Stephani
2558 4016 2901 4094 Kopozych
2935 4022 2997 4074 et
3029 4014 3136 4073 do-

574 4123 900 4186 minabus⁶
943 4125 1234 4184 videlicet
1277 4123 1557 4204 Agathe.
1579 4131 1642 4183 et
1687 4124 1910 4183 Vrsule
1958 4116 2237 4183 filiabus⁶
2282 4123 2505 4200 prefati
2551 4123 2852 4201 Stephani
2897 4123 3135 4200 Kopoz,

576 4242 639 4294 et
703 4233 1018 4293 Valentini
1079 4234 1410 4310 Byserycz,
1475 4239 1538 4291 et
1597 4231 1872 4290 omniurn
1937 4230 2199 4292 aliorum
2266 4230 2611 4291 vicinorum
2676 4239 2738 4290 et
2799 4237 3135 4290 commeta-

573 4360 853 4415 neorum,
881 4358 1093 4417 ymmo
1119 4339 1412 4413 vendidit,
1445 4338 1696 4399 tradidit
1725 4345 1788 4398 et
1820 4338 2169 4418 assignavit
2200 4357 2412 4398 coram
2457 4337 2636 4398 nobis
2668 4337 2800 4398 iure
2832 4345 3134 4416 perpetuo

575 4456 638 4508 et
665 4447 1152 4508 irrevocabiliter
1178 4447 1644 4526 possidendam,
1675 4447 2012 4507 tenendam
2058 4445 2413 4525 pariterque
2463 4453 2525 4506 et
2554 4446 2940 4519 habendam3
2990 4463 3135 4504 nam

576 4555 724 4634 quia
784 4555 1061 4633 prefatus
1124 4554 1392 4613 condam
1452 4553 1808 4632 Stephanus
1856 4553 2019 4612 filius
2065 4552 2259 4631 ipsius
2307 4552 2508 4613 Marci
2568 4553 2805 4631 Kopoz,
2852 4560 3133 4630 ternpore

571 4661 700 4722 vite
730 4681 844 4722 sue
877 4660 963 4720 ita
1009 4661 1360 4721 laborasset
1391 4669 1455 4720 et
1483 4660 1808 4736 laboravit,
1856 4660 2057 4738 eciam
2107 4659 2444 4738 assumpsit
2482 4659 2543 4718 in
2577 4659 2709 4720 aliis
2758 4659 2948 4718 literis
2993 4677 3132 4736 pre-

573 4789 720 4830 sens
783 4768 1106 4844 emanatis,
1170 4767 1234 4827 in
1286 4768 1510 4847 quibus
1574 4767 1709 4828 aliis
1770 4767 1961 4828 literis
2028 4769 2145 4828 hoc
2193 4767 2575 4828 continetur:
2631 4765 2834 4827 eidem
2882 4765 3132 4825 domino

572 4877 910 4954 Stephan0,
957 4877 1226 4954 plebano
1273 4884 1553 4954 pretacte
1587 4875 1849 4936 ecclesie
1897 4875 2061 4935 santi
2106 4875 2367 4956 Georgii
2414 4874 2682 4934 martiris
2729 4873 2792 4933 in
2823 4871 3015 4946 odra,
3057 4891 3132 4932 ac

572 5003 686 5062 per
734 5004 876 5044 eum
925 4983 1054 5044 suis
1099 4983 1435 5045 heredibus
1467 4983 1891 5062 heredumque
1935 5001 2191 5043 suorum
2238 4980 2723 5056 successoribuS,
2772 4999 2809 5040 a
2854 4979 3133 5060 pluribus
