3917 5592
3108 476 3193 547 59

633 704 728 760 est
773 702 942 760 meta
989 702 1214 774 terrea,
1262 692 1406 760 inde
1454 693 1736 777 procedit
1782 692 2005 759 uersus
2053 695 2357 759 orientem
2404 695 2568 759 circa
2614 707 2847 759 metam
2895 699 3199 777 Stephani

627 808 734 869 filii
779 809 1036 868 Wkota
1071 809 1150 868 ad
1179 809 1498 887 quandam
1545 817 1777 868 metam
1811 816 2099 883 terream,
2146 808 2254 868 vbi
2286 809 2364 868 de
2398 808 2647 867 sinistra
2694 816 2871 886 parte
2916 817 3199 869 remanet

627 926 794 977 terra
841 917 1122 977 eiusdem
1167 916 1487 995 Stephani,
1537 916 1615 976 ab
1649 917 1792 977 hinc
1840 917 2072 977 directe
2105 916 2504 994 procedendo
2550 916 2741 976 intrat
2785 916 2849 975 in
2896 936 3195 996 magnam

627 1024 850 1083 siluam
898 1024 1002 1082 vbi
1051 1031 1146 1083 est
1194 1023 1379 1083 arbor
1444 1025 1532 1084 tul
1599 1044 1784 1084 cruce
1832 1024 2099 1104 signata,
2167 1024 2393 1083 deinde
2442 1024 2523 1083 ad
2571 1022 2857 1083 arborem
2921 1023 3198 1085 similiter

629 1150 812 1190 cruce
873 1130 1190 1209 signatam
1253 1140 1317 1191 et
1374 1130 1456 1190 ibi
1506 1132 1888 1192 terminatur.
1983 1132 2083 1191 Ad
2140 1132 2405 1193 eandem
2470 1130 2669 1191 eciam
2730 1132 3196 1209 possessionem

628 1245 874 1315 reperta
907 1245 1005 1297 est
1035 1238 1329 1316 pertineri
1377 1240 1650 1318 quedam
1682 1248 1851 1299 terra
1899 1238 2149 1298 arabilis
2185 1239 2264 1297 ad
2294 1238 2568 1318 quinque
2596 1258 2923 1298 mensuras
2956 1247 3195 1299 wreten

629 1345 962 1425 wlgariter,
1034 1364 1155 1424 que
1204 1354 1302 1406 est
1347 1346 1506 1406 inter
1552 1354 1754 1407 terras
1816 1346 2085 1407 filiorum
2132 1345 2487 1419 Zlobiuech‚
2558 1346 2759 1406 Marci
2804 1346 2912 1406 filii
2957 1346 3195 1422 Petina,

631 1452 884 1512 Andree
945 1452 1054 1512 filii
1116 1454 1379 1528 BerkuS‚
1448 1454 1596 1514 Wlk
1647 1463 1709 1514 et
1753 1454 1992 1514 Iuanko
2062 1454 2467 1534 iobagionum
2522 1454 2709 1513 castri
2774 1434 2851 1513 de
2915 1454 3194 1528 Kochan,

633 1559 778 1618 item
826 1561 1100 1638 quedam
1147 1568 1316 1621 terra
1377 1561 1628 1621 arabilis
1675 1562 1995 1622 Bzouicha
2060 1570 2287 1622 vocata
2333 1561 2395 1620 in
2443 1580 2679 1642 magna
2725 1561 2883 1621 silua
2930 1562 3185 1622 inuenta

632 1675 727 1726 est
790 1668 1136 1727 communis
1198 1668 1492 1749 Gregorii
1553 1670 1844 1730 videlicet
1909 1669 2172 1748 predicti
2220 1677 2282 1729 et
2328 1669 2684 1729 Alexandri.
2778 1669 2932 1729 Item
2996 1670 3197 1748 prima

630 1782 798 1835 meta
843 1774 1260 1853 possessionis
1308 1776 1699 1837 Petrusouch
1745 1778 2025 1855 predicte
2053 1776 2266 1855 incipit
2312 1777 2373 1835 in
2421 1777 2575 1852 loco,
2624 1777 2728 1855 qui
2777 1776 2998 1837 dicitur
3044 1778 3195 1835 Bro-

631 1884 861 1958 dische,
933 1883 1159 1943 deinde
1205 1885 1488 1963 procedit
1548 1904 1770 1946 uersus
1831 1884 2185 1964 aquilonem
2252 1892 2315 1943 et
2379 1884 2645 1943 riuulum
2693 1884 2899 1944 Minor
2962 1884 3197 1965 Struga

631 1990 862 2050 dictum
910 1998 971 2051 et
1018 1990 1185 2051 cadit
1231 1992 1293 2051 in
1340 1992 1644 2052 maiorem
1691 1993 1896 2053 riuum
1941 1993 2178 2073 Struga
2212 2000 2519 2066 vocatum,
2568 1992 2673 2070 qui
2721 1992 2943 2053 dicitur
2987 1993 3195 2053 Biztra

631 2098 795 2158 circa
841 2098 1109 2158 insulam
1165 2109 1444 2161 nostram
1495 2108 1558 2160 et
1605 2102 1868 2161 ecclesie
1924 2107 2136 2160 nostre
2186 2098 2355 2159 Otok
2416 2099 2759 2180 uulgariter
2805 2100 3053 2174 dietam,
3117 2101 3195 2159 ab

629 2206 773 2265 hinc
820 2206 1153 2266 reuertitur
1198 2225 1419 2267 uersus
1467 2208 1772 2269 orientem
1819 2228 1933 2287 per
1981 2208 2251 2267 eundem
2284 2207 2551 2267 riuulum
2598 2206 2810 2266 Biztra
2855 2208 3087 2287 Struga
3137 2216 3199 2268 et

630 2315 915 2392 procedit
957 2315 1020 2374 in
1067 2316 1232 2374 bono
1296 2315 1510 2394 spacio
1558 2325 1620 2375 et
1665 2316 1951 2395 peruenit
2018 2317 2098 2375 ad
2164 2316 2483 2395 quandam
2530 2315 2773 2394 rippam
2833 2314 3067 2375 factam
3116 2316 3195 2375 ad

632 2424 889 2482 modum
933 2422 1169 2498 fossati,
1239 2442 1352 2502 per
1398 2424 1566 2503 quod
1611 2424 1919 2485 fossatum
1965 2424 2248 2503 procedit
2294 2442 2514 2483 uersus
2578 2423 2901 2491 meridiem
2950 2432 3012 2483 et
3057 2442 3194 2501 per-

634 2530 806 2591 uenit
853 2532 933 2590 ad
982 2531 1141 2591 duas
1187 2541 1389 2592 metas
1435 2540 1691 2607 terreaS,
1742 2532 1820 2592 ab
1861 2532 2006 2592 hinc
2054 2532 2134 2591 ad
2184 2551 2375 2591 unum
2421 2550 2721 2611 magnum
2769 2531 3025 2591 dumum
3074 2531 3196 2609 spi·

633 2658 872 2713 narum,
943 2638 1050 2698 vbi
1096 2646 1192 2698 est
1238 2647 1407 2700 meta
1452 2648 1675 2714 terrea,
1747 2638 1974 2700 deinde
2019 2614 2219 2698 tendit
2281 2658 2396 2716 per
2441 2639 2757 2716 quandam
2814 2639 3037 2697 vallem
3085 2656 3199 2716 per

632 2747 858 2806 dumos
923 2746 1242 2824 spinarum
1308 2767 1530 2807 uersus
1593 2746 1916 2807 meridiem
1965 2755 2029 2806 et
2072 2746 2359 2824 peruenit
2416 2748 2495 2805 ad
2555 2746 2871 2824 quandam
2924 2734 3197 2823 'ryppam

629 2853 972 2913 Wrmacha
1040 2853 1287 2927 dictam,
1359 2853 1584 2913 deinde
1655 2853 1938 2932 procedit
2005 2872 2119 2931 per
2186 2861 2389 2913 metas
2458 2861 2698 2913 terreas
2755 2861 2817 2913 et
2885 2852 3057 2913 uenit
3116 2854 3197 2913 ad

631 2961 918 3021 arborem
965 2960 1071 3035 tul,
1142 2960 1248 3020 vbi
1295 2970 1393 3021 est
1437 2969 1606 3021 meta
1674 2968 1882 3022 terrea
1929 2968 1992 3019 et
2038 2959 2122 3019 ibi
2183 2960 2461 3040 iungitur
2507 2961 2688 3021 metis
2759 2961 3031 3038 Mykech
3090 2960 3197 3020 filii

632 3068 950 3143 KelemuS,
1018 3068 1244 3129 deinde
1291 3069 1574 3147 procedit
1619 3087 1733 3146 per
1778 3075 1981 3129 metas
2029 3076 2269 3128 terreas
2333 3068 2703 3128 declinando
2752 3069 3199 3147 aliquantulum

628 3196 848 3236 uersus
895 3177 1283 3236 occidentem
1331 3184 1392 3236 et
1437 3177 1724 3255 peruenit
1771 3176 1850 3236 ad
1898 3176 2188 3235 arborem
2242 3176 2412 3253 pomi
2460 3184 2626 3235 meta
2674 3184 2879 3236 terrea
2938 3176 3198 3235 circum·

633 3283 856 3358 fusam,
905 3283 1132 3343 deinde
1164 3284 1340 3343 uadit
1369 3302 1482 3361 per
1514 3291 1715 3343 metas
1763 3292 2002 3343 terreas
2052 3292 2114 3342 et
2158 3282 2445 3361 peruenit
2474 3283 2555 3342 ad
2588 3284 2809 3342 dumos
2860 3283 3197 3361 spinarum,

634 3390 738 3450 vbi
786 3400 882 3450 est
928 3390 1155 3450 iterum
1200 3400 1368 3451 meta
1415 3400 1622 3451 terrea
1670 3399 1733 3450 et
1778 3390 2067 3471 iungitur,
2104 3390 2286 3451 metis
2334 3399 2499 3450 terre
2546 3390 2844 3465 Hurchin,
2899 3389 3203 3468 Stephani

635 3498 740 3557 filii
789 3498 1102 3573 Lucachii,
1151 3499 1377 3559 deinde
1435 3498 1716 3577 procedit
1762 3498 1995 3558 directe
2051 3517 2274 3557 uersus
2322 3498 2711 3557 occidentem
2743 3516 2856 3575 per
2886 3498 3203 3576 quandam

633 3605 988 3665 valliculam
1035 3606 1201 3666 circa
1230 3614 1434 3666 metas
1480 3615 1720 3666 terreas
1751 3614 1813 3665 et
1845 3606 2134 3683 peruenit
2180 3606 2261 3665 ad
2293 3614 2495 3664 metas
2528 3605 2965 3683 possessioniS,
3012 3624 3200 3684 quam

633 3698 798 3773 nunc
844 3713 1120 3774 Stanech
1167 3714 1448 3792 possidet
1495 3714 1649 3773 ciuis
1699 3712 2055 3786 GrecensiS‚
2127 3711 2205 3771 ab
2252 3712 2395 3771 hinc
2446 3712 2714 3771 declinat
2760 3732 2981 3771 uersus
3031 3712 3199 3790 aqui-

632 3819 839 3880 lonem
890 3828 955 3880 et
999 3820 1173 3880 vadit
1218 3840 1331 3899 per
1377 3828 1577 3879 metas
1638 3830 1879 3879 terreas
1929 3819 2095 3878 circa
2161 3820 2383 3878 dumos
2444 3819 2763 3897 spinarum
2812 3826 2873 3878 et
2918 3818 3201 3897 peruenit

633 3929 714 3987 ad
761 3929 1070 4006 quasdam
1119 3928 1376 3987 arbores
1423 3934 1670 4002 nucum,
1737 3926 1882 3986 inde
1929 3927 2128 3986 tendit
2176 3927 2257 3985 ad
2312 3926 2581 4005 priorem
2628 3934 2877 3986 metam.
2971 3926 3201 3984 Datum

633 4034 790 4095 seria
834 4043 1016 4095 >sexta
1062 4036 1348 4114 proxima
1393 4044 1535 4113 post
1581 4034 1929 4114 quindenas
1993 4034 2135 4094 festi
2182 4034 2351 4095 beati
2399 4034 2657 4113 Georgii
2704 4032 2989 4107 martiriS,
3038 4052 3200 4091 anno

637 4142 868 4201 domini
915 4136 1416 4202 M⁰.CCC⁰.XL⁰.
1467 4150 1660 4201 sexto,

847 4282 890 4337 E
925 4286 1282 4352 transumpto
1341 4282 1598 4351 originali
1639 4282 1867 4353 capituli
1926 4283 2057 4336 eccl.
2098 4281 2490 4350 Zagrabiensis
2547 4298 2595 4335 a.
2638 4279 2793 4334 1346.
2844 4279 2925 4333 16.
2968 4279 3099 4332 maii
3144 4280 3199 4331 in

633 4387 973 4441 pergamena
1011 4372 1284 4427 confecto.
1359 4373 1420 4426 In
1459 4372 1692 4427 archivo
1731 4388 1947 4441 regnor.
1988 4370 2045 4426 C.
2085 4370 2139 4425 S.
2180 4375 2235 4425 et
2272 4372 2365 4425 D.:
2410 4370 2542 4424 Doc.
2582 4370 2727 4423 med.
2769 4368 2896 4423 aevi
2936 4384 2984 4421 a.
3034 4368 3197 4433 ¹344„

633 4460 769 4515 olim
809 4463 950 4516 Acta
988 4466 1229 4517 monast.
1268 4461 1621 4517 Remetensis
1659 4462 1791 4515 fasc.
1833 4461 1880 4515 1.
1919 4459 2021 4515 No.
2062 4460 2110 4513 7.
2982 4466 2987 4471 ’

855 4588 871 4618 ¹
911 4588 1006 4647 sic.
