3917 5592
845 404 934 470 80

2057 618 2198 686 70.

1061 840 1244 898 Anno
1304 835 1488 898 1365.
1539 834 1641 897 28.
1693 836 1920 915 aprilis,
1970 837 2339 917 Zagrabiae.

849 1050 1102 1115 Coram
1149 1049 1441 1115 Nicolao
1481 1050 1728 1114 comite
1773 1048 2238 1133 Zagvabiensi
2268 1050 2384 1114 etc.
2430 1068 2513 1111 ac
2540 1048 2745 1113 Mark
2778 1048 2941 1132 filio
2988 1048 3349 1113 Stanomer
3360 1048 3405 1127 i,

842 1158 1089 1222 comite
1134 1156 1454 1221 terrestri
1505 1156 1753 1240 Campi
1798 1154 2314 1240 ZagvabiensiS,
2365 1154 2615 1219 Petrus
2650 1154 2859 1239 filius
2891 1155 3104 1220 Pauli
3148 1155 3231 1219 de
3276 1155 3403 1220 Su-

835 1264 1106 1348 periori
1163 1264 1520 1341 Lomnica,
1583 1264 2089 1348 possessionem
2136 1282 2343 1326 suam
2412 1261 2949 1340 Kostaneuicha,
3011 1277 3097 1343 30
3146 1263 3406 1327 marcis
3478 1264 3483 1271 ’

1402 1369 1624 1435 [uano
1671 1370 1752 1435 de
1799 1368 2143 1455 Inferiori
2191 1368 2530 1433 Lomnica
2574 1368 2829 1434 vendit.

1057 1590 1190 1649 Nos
1230 1590 1534 1669 magister
1579 1589 1878 1649 Nicolaus
1909 1588 2071 1648 filius
2117 1587 2327 1647 Iacobi
2360 1606 2571 1647 comes
2617 1587 3061 1667 Zagrabiensis
3092 1596 3153 1648 et
3186 1590 3405 1649 castel-

839 1700 1018 1759 lanus
1067 1697 1280 1775 cast[ri
1328 1697 1428 1774 de]
1479 1691 1801 1756 Zanabor¹
1850 1715 1925 1757 ac
1973 1696 2157 1755 Mark
2204 1696 2367 1755 filius
2414 1695 2790 1771 Stanomery
2838 1714 3050 1755 comes
3097 1696 3405 1756 terrestris

840 1806 919 1866 de
966 1804 1212 1884 Campo
1258 1803 1670 1885 Zagrabiensi
1718 1803 2148 1884 significamus
2195 1810 2411 1863 tenore
2444 1802 2838 1880 presencium
2886 1803 3110 1881 quibus
3158 1805 3407 1883 expedit

843 1912 1168 1986 vniuersiS,
1217 1913 1388 1991 quod
1420 1913 1502 1972 ad
1535 1920 1811 1971 nostram
1860 1910 2273 1989 personaliter
2306 1908 2747 1969 accedentibus
2794 1911 3185 1988 presenciam
3218 1913 3404 1971 Petro

838 2020 964 2081 filio
1012 2020 1190 2081 Pauli
1235 2020 1312 2079 de
1360 2019 1677 2098 Superiori
1716 2018 2063 2079 Lomnicha
2110 2020 2188 2079 ab
2238 2036 2379 2091 vna,
2425 2024 2603 2095 parte
2636 2036 2789 2077 vero
2839 2019 2916 2078 ab
2968 2019 3165 2079 altera
3211 2019 3403 2079 Iuano

839 2127 1083 2188 literato
1131 2128 1210 2187 de
1256 2125 1535 2186 Inferiori
1581 2126 1940 2200 Lomnicha‚
2014 2144 2128 2204 per
2174 2125 2441 2184 eundem
2489 2125 2741 2183 Petrum
2800 2124 3153 2185 confessum
3202 2125 3399 2185 extitit

839 2252 1052 2295 coram
1113 2234 1291 2294 nobis
1356 2234 1610 2293 oraculo
1657 2232 1801 2293 viue
1859 2232 2053 2306 vociS,
2127 2231 2297 2310 quod
2343 2231 2477 2309 ipse
2547 2232 2867 2309 quandam
2934 2232 3399 2310 possessionem

838 2361 1019 2403 suam
1065 2340 1532 2401 Kostaneuicha
1579 2348 1886 2417 vocatam,
1955 2360 2097 2399 cum
2146 2340 2434 2401 omnibus
2482 2339 2847 2401 vtilitatibus
2895 2350 2957 2401 et
3002 2341 3396 2419 pertinenciis

839 2449 968 2510 suis
1015 2448 1340 2523 vniuersi8‚
1409 2468 1553 2508 cum
1599 2447 1780 2507 metis
1827 2446 2250 2526 infrascriptiS‚
2322 2448 2487 2509 dicto
2535 2440 2785 2508 Iwano²
2842 2448 3087 2508 literato
3132 2468 3246 2527 pro
3294 2449 3395 2509 tri-

833 2557 1009 2638 ginta
1056 2556 1284 2617 marcis
1349 2556 1767 2628 denariorum,
1837 2564 1906 2614 vt
1951 2554 2173 2615 dicitur
2242 2555 2413 2633 prius
2462 2556 2644 2633 plene
2694 2555 2772 2615 ab
2844 2556 3068 2615 eodem
3114 2556 3396 2635 receptiS‚

835 2664 1234 2739 vendidisset,
1281 2663 1641 2723 tradidisset
1687 2670 1749 2723 et
1797 2663 2204 2742 assignasset,
2274 2681 2421 2740 ymo
2468 2661 2763 2736 vendidit,
2836 2662 3089 2723 tradidit
3134 2672 3197 2723 et
3244 2663 3394 2723 assi-

835 2771 1056 2853 gnauit
1100 2771 1268 2831 nullo
1331 2771 1789 2831 contradictore
1838 2778 2200 2849 apparente,
2271 2770 2404 2830 iure
2452 2779 2756 2848 perpetuo
2804 2779 2868 2831 et
2913 2769 3398 2831 irreuocabiliter

833 2897 945 2957 per
979 2879 1247 2939 eundem
1278 2880 1541 2939 Iuanum
1587 2878 1900 2938 literatum
1930 2886 1995 2938 et
2025 2897 2174 2937 suos
2220 2878 2487 2937 heredes
2517 2878 2949 2955 heredumque
2998 2897 3396 2939 successores

833 2987 1294 3064 possidendam,
1325 2987 1662 3046 tenendam
1690 2986 1922 3063 pariter
1954 2993 2016 3044 et
2048 2985 2421 3045 habendam.
2470 2984 2667 3044 Cuius
2702 2984 2954 3063 quidem
2981 2986 3395 3063 possessionis

833 3102 998 3154 mete
1044 3094 1163 3153 hec
1210 3100 1384 3152 sunt:
1432 3093 1634 3172 prima
1680 3100 1850 3152 meta
1895 3092 2109 3171 incipit
2155 3092 2219 3152 in
2265 3093 2537 3171 quodam
2596 3092 2923 3152 cuiusdam
2972 3092 3151 3153 riuuli
3198 3094 3393 3154 Crali·

834 3201 1016 3261 chino
1064 3201 1408 3263 Moztische
1455 3208 1698 3275 vocate,
1765 3199 1844 3260 ab
1891 3200 2035 3259 hinc
2083 3199 2165 3259 ad
2212 3200 2526 3278 quendam
2573 3200 2899 3259 transitum
2948 3201 3081 3261 siue
3129 3201 3395 3275 riuulum

835 3308 1183 3369 Cricouech
1232 3308 1480 3383 dictum,
1549 3326 1664 3386 per
1709 3308 1980 3369 eundem
2026 3306 2185 3366 infra
2233 3307 2439 3366 eundo
2488 3308 2569 3366 ad
2634 3316 2876 3386 partem
2924 3308 3287 3370 orientalem
3332 3308 3393 3369 in

835 3416 1002 3475 bono
1035 3415 1250 3494 spacio
1299 3424 1362 3475 et
1407 3415 1579 3475 venit
1611 3416 1692 3475 ad
1724 3416 2040 3495 quendam
2086 3415 2309 3489 locum,
2357 3415 2462 3495 qui
2495 3416 2715 3475 dieitur
2761 3417 3122 3495 Lopatieha,
3171 3416 3392 3477 deinde

834 3522 1032 3583 tendit
1080 3523 1160 3582 ad
1207 3524 1496 3583 arborem
1543 3523 1773 3601 querci,
1820 3522 1926 3601 qui
1975 3522 2199 3582 dicitur
2230 3523 2627 3602 pogorelech,
2678 3525 2755 3584 ab
2806 3523 3027 3583 eodem
3076 3524 3157 3583 ad
3203 3542 3391 3603 quen-

835 3631 980 3689 dam
1011 3631 1234 3705 locum,
1280 3630 1387 3709 qui
1420 3629 1641 3690 dicitur
1686 3630 2013 3708 Spotkoua
2065 3631 2301 3704 Mlaka‚
2349 3631 2427 3689 de
2477 3631 2703 3690 eadem
2735 3631 2909 3689 vadit
2955 3632 3037 3690 ad
3082 3631 3395 3709 quendam

834 3738 1100 3797 riuulum
1174 3739 1596 3798 Hranechnak
1643 3747 1954 3815 vocatum,
2027 3758 2139 3816 per
2186 3738 2455 3798 eundern
2526 3757 2775 3797 sursum
2824 3740 3029 3798 eundo
3098 3737 3269 3799 venit
3315 3738 3393 3797 ad

834 3846 1056 3919 locum,
1127 3846 1232 3923 qui
1279 3845 1501 3905 dicitur
1545 3846 1808 3906 Zlobina
1856 3846 2074 3925 draga,
2147 3847 2225 3905 de
2275 3847 2497 3905 eadem
2556 3847 2635 3905 ad
2682 3866 2981 3927 magnam
3029 3847 3214 3920 viam,
3282 3864 3393 3923 per

837 3952 1102 4013 eandem
1151 3953 1356 4011 eundo
1390 3951 1450 4012 in
1479 3953 1646 4013 bono
1693 3952 1908 4031 spacio
1955 3951 2130 4012 vadit
2162 3954 2242 4012 ad
2272 3962 2515 4031 partem
2562 3953 3011 4013 occidentalem
3044 3954 3126 4017 ad
3171 3954 3391 4025 locum,

835 4060 941 4139 qui
988 4058 1209 4120 dicitur
1279 4060 1620 4137 Deuyache
1683 4060 1995 4135 Calische‚
2068 4061 2146 4119 ab
2217 4060 2361 4120 hinc
2410 4061 2579 4120 venit
2648 4061 2729 4119 ad
2796 4061 3143 4139 predictum
3190 4062 3393 4120 locum

836 4166 1192 4227 Cralichino
1241 4167 1602 4243 Moztische,
1669 4168 1960 4229 videlicet
2007 4169 2087 4227 ad
2133 4167 2404 4246 priorem
2452 4175 2683 4228 metam
2734 4175 2794 4227 et
2841 4168 2924 4227 ibi
2970 4166 3392 4227 terminantur.

835 4275 937 4334 Ad
983 4275 1103 4335 hoc
1149 4285 1294 4335 sunt
1340 4275 1622 4337 homines
1672 4276 1804 4335 siue
1852 4276 2167 4353 pristaldi:
2225 4275 2426 4353 primo
2471 4274 2810 4334 Farkasius
2858 4276 2935 4335 de
2984 4273 3229 4352 Campo
3274 4274 3390 4333 Za-

835 4382 1155 4463 grabiensi
1211 4392 1273 4442 et
1337 4383 1510 4442 Luca
1579 4382 1740 4442 filius
1796 4384 2107 4459 chhyak
2156 4385 2234 4444 de
2283 4384 2505 4443 eodem
2576 4382 2839 4461 Campo,
2932 4382 3003 4443 In
3067 4382 3242 4441 cuius
3303 4380 3393 4441 rei

835 4489 1256 4549 testimonium
1301 4490 1783 4568 firmitatemque
1830 4499 2218 4568 perpetuam,
2264 4490 2659 4568 presentibus
2708 4490 2913 4569 sigilla
2958 4499 3173 4550 nostra
3218 4488 3391 4548 duxi-

835 4616 974 4655 mus
1021 4598 1449 4676 appendenda.
1498 4598 1730 4657 Datum
1776 4597 2106 4677 Zagrabie,
2154 4597 2309 4656 feria
2340 4598 2619 4657 secunda
2665 4596 2949 4674 proxima
2978 4605 3122 4674 post
3163 4595 3393 4655 festum

834 4704 1002 4764 beati
1049 4704 1306 4785 Georgii
1338 4706 1622 4780 martiriS,
1673 4725 1836 4765 anno
1885 4706 2117 4775 domini
2164 4705 2489 4775 millesimo
2522 4704 2961 4773 trecentesimo
2996 4704 3393 4794 sexagesimo

836 4812 1069 4902 quinto.
