3917 5592
2955 485 3107 562 4372,

1705 699 1917 771 850.

601 931 606 934 “
646 957 662 963 --
733 920 924 985 Anno'
975 918 1160 982 1466.
1210 918 1312 980 28.
1360 919 1526 982 iunii.
1574 918 1948 1015 Zagrabiae.

533 1129 948 1216 Wynandus·
991 1129 1198 1198 abbas·
1257 1132 1672 1198 monasteria
1722 1131 1804 1198 Β.
1849 1131 1944 1198 Μ.
2010 1132 2081 1200 V.
2140 1129 2654 1232 Zagmbiensz’s‘,
2701 1131 3081 1200 terminum

517 1238 598 1302 in
667 1258 881 1306 causa
951 1237 1034 1304 de
1093 1238 1310 1306 decim
1318 1239 1386 1306 is
1446 1239 1638 1306 inter
1699 1239 2089 1325 capitulum
2152 1237 2615 1324 Zagrabiense
2684 1242 2751 1303 et
2824 1237 3085 1303 nobiles·

1045 1345 1291 1432 Campi
1321 1345 1820 1432 Zagrabiensis
1848 1349 2168 1425 venante,
2215 1346 2553 1432 assignat.
2878 1363 2885 1370 ’

731 1562 866 1624 Νο3
911 1563 1288 1640 Wynandus
1335 1562 1557 1641 [abbas
1604 1562 1967 1624 monasterii
2013 1562 2218 1640 beate]
2284 1562 2487 1622 Marie
2533 1560 2794 1642 virginis
2840 1561 3105 1641 Zagra··

517 1669 772 1744 biensiS,
824 1669 1301 1748 [cisterciensis]
1353 1671 1605 1746 ordiniS,
1642 1678 2049 1733 conservator
2109 1669 2334 1730 iurium
2384 1672 2469 1748 [et
2514 1669 2837 1746 bonorum]
2888 1685 3077 1730 vene-

520 1776 808 1840 rabilium
855 1777 1246 1840 dominorum
1293 1777 1610 1857 prepositi,
1659 1778 2103 1840 canonicorum
2154 1778 2256 1855 [et]
2299 1777 2499 1838 tocius
2532 1775 2783 1855 capituli
2815 1775 3078 1836 ecclesie

516 1883 982 1965 Zagrabiensis,
1051 1886 1201 1964 [per]
1275 1894 1746 1949 sacrosanctam
1815 1885 2111 1949 sinodum·
2172 1885 2601 1959 Basiliensem,
2661 1884 3080 1954 universalem

521 1991 852 2056 ecclesiam
899 2001 1452 2072 representantem,
1511 1993 1867 2073 specialiter
1928 1975 2281 2070 deputatus,
2329 1993 2552 2062 damus
2599 2012 2712 2073 pro
2760 1991 3078 2065 memo-ria,

519 2099 688 2178 quod
721 2099 1236 2178 ‚comparentibus
1269 2119 1499 2166 ,coram
1543 2100 1728 2166 nobis
1773 2099 1838 2158 in
1883 2098 2113 2160 iudicio
2177 2099 2302 2168 die,
2329 2099 2617 2170 datarum
2664 2079 3075 2179 presencium,

517 2205 755 2270 sindico
800 2206 1220 2285 predictorum
1283 2207 1700 2275 dominorum.
1737 2206 2051 2286 prepositi,
2114 2206 2561 2276 canonicorum
2600 2214 2680 2276 ,et
2724 2204 2925 2266 tocius
2974 2224 3075 2276 ca-

514 2313 700 2393 pituli.
736 2333 812 2376 ex
859 2333 987 2378 una
1031 2322 1100 2375 ut
1145 2323 1443 2390 actorum,
1491 2323 1556 2377 et
1601 2314 1783 2382 Gallo
1820 2315 1910 2376 ·de
1958 2315 2348 2402 kaawecz*
2379 2314 2622 2390 Maiori,
2669 2320 3073 2393 procuratore

513 2420 946 2504 universorum
1014 2422 1336 2484 hominum
1404 2431 1468 2484 et
1531 2424 1918 2502 populorum,
1998 2423 2105 2503 qui
2182 2422 2361 2491 aliter
2434 2421 2803 2504 iobagiones
2859 2420 3069 2494 ,castri

517 2529 962 2593 Medwewara.
993 2529 1406 2596 communiter
1451 2538 1902 2609 nuncupantur,
1951 2550 2141 2610 quem
2192 2531 2381 2600 iidem
2424 2530 2709 2600 homines
2757 2538 2819 2590 et
2864 2528 3077 2608 populi

512 2637 742 2701 ibidem
773 2637 864 2700 ,ιιι
900 2637 1125 2702 iudicio
1190 2656 1403 2704 coram
1458 2637 1644 2705 ,nobis
1667 2699 1680 2704 ,
1697 2646 2048 2717 presente&
2086 2638 2160 2706 ,in
2206 2657 2389 2708 suum
2436 2637 2885 2709 constituerunt
2930 2655 3071 2724 pross

514 2752 866 2809 curatorem
915 2745 1278 2825 generalem
1325 2752 1390 2806 et
1435 2745 1798 2825 specialem,
1831 2753 1906 2812 ut
1935 2746 2001 2813 in
2033 2764 2297 2814 causam
2340 2752 2747 2817 attractorum
2792 2743 3072 2823 partibus

509 2853 590 2914 ab
637 2853 850 2928 altera,
895 2851 1063 2914 idem
1109 2852 1384 2916 sindicus
1433 2851 1738 2917 dictorum
1785 2853 2179 2916 dominorum
2239 2852 2553 2936 prepositi,
2622 2851 3067 2914 canonicorum

507 2968 570 3020 et
615 2960 816 3024 tocius
847 2959 1100 3040 capituli
1143 2941 1420 3026 libellum
1467 2979 1652 3022 suum
1683 2959 1931 3038 realiter
1962 2966 2025 3038 et
2055 2957 2119 3024 in
2150 2959 2411 3040 scriptis
2429 2967 2646 3044 contra
2676 2967 2740 3024 et
2764 2959 3068 3025 adversus
3094 3033 3100 3040 ⁸

506 3067 820 3147 predictos
867 3068 930 3128 in
978 3086 1236 3128 causam
1285 3075 1602 3128 attractos
1622 3079 1864 3130 coram
1883 3068 2067 3130 nobis
2114 3068 2517 3146 reproduxit,
2538 3067 2614 3130 in
2630 3085 2783 3147 quo
2795 3083 3073 3146 ,conque-⁶
3087 3117 3089 3119 .

509 3174 764 3234 rebatur
826 3174 960 3252 ipse
1025 3174 1316 3250 sindicuS,
1387 3181 1700 3253 pretactos
1769 3174 1832 3234 in
1895 3193 2155 3236 causam
2218 3182 2515 3235 attractos
2582 3174 2661 3234 ab
2710 3172 2964 3253 antiquo
3012 3181 3074 3232 et

513 3300 764 3360 semper
808 3281 1001 3342 fuisse
1048 3289 1113 3342 et
1157 3299 1300 3342 esse
1346 3280 1658 3362 obligatos
1691 3283 1772 3342 ad
1801 3282 2138 3343 solvendas
2185 3301 2371 3343 veras
2418 3281 2695 3343 decimas
2742 3282 3070 3342 bladorum

515 3397 578 3449 et
621 3388 926 3463 vinorum,
974 3407 1305 3469 rerumque
1354 3388 1613 3449 aliarum
1663 3389 1961 3454 decimari
2008 3389 2347 3465 solitarum,
2396 3389 2546 3469 ipsis
2587 3389 2853 3450 dominis
2901 3397 3068 3450 acto-

513 3496 684 3556 ribus
732 3504 794 3556 et
839 3495 1118 3573 ipsorum
1165 3496 1445 3570 ecclesie,
1492 3515 1650 3575 quas
1698 3475 1817 3575 ipsi
1861 3496 1926 3558 in
1960 3516 2231 3558 causam
2280 3498 2528 3559 attracti
2571 3499 2929 3577 persolvere
2974 3517 3067 3558 re-

512 3610 822 3678 cusarent,
869 3609 1090 3681 petens
1136 3602 1300 3662 idem
1350 3603 1642 3677 sindicuS,
1705 3611 1773 3666 ut
1818 3605 2077 3692 eosdem
2138 3604 2201 3666 in
2264 3624 2522 3696 causam
2594 3613 2908 3680 attractos,
2956 3623 3069 3683 per

511 3729 844 3771 censuram
890 3709 1381 3770 ecclesiasticam
1428 3710 1510 3770 ad
1555 3687 2003 3790 persolvendas
2039 3689 2317 3772 decimas
2348 3685 2713 3772 huiusmodi
2735 3689 3065 3791 compelle·

509 3837 754 3895 remus;
801 3818 962 3880 lecto
1009 3815 1221 3898 itaque
1267 3816 1472 3906 libello
1520 3817 1874 3909 huiusmodi
1917 3827 1986 3880 et
2060 3838 2250 3910 super
2312 3818 2717 3909 responsione
2789 3819 3070 3909 eiusdem

508 3925 668 4010 inter
729 3924 1060 4011 iamdictos
1123 3924 1185 4014 in
1247 3944 1505 3988 causam
1569 3933 1866 3991 attractos
1929 3925 2388 4018 deliberacione
2449 3905 2826 4017 prehabita„
2867 3927 3067 4016 dictus

511 4031 728 4092 Gallus
774 4039 1140 4111 procurator
1186 4031 1464 4111 ipsorum
1511 4011 1845 4112 respondit,
1897 4034 2087 4116 [quod
2118 4034 2256 4112 ipsi]
2293 4034 2356 4094 in
2389 4052 2647 4094 causam
2697 4033 2941 4094 attracti
2987 4013 3093 4094 ab*

508 4140 786 4218 ipsorum
849 4140 1084 4200 colonis
1142 4141 1346 4220 parati
1407 4148 1620 4202 essent
1683 4142 1927 4202 solvere
1996 4142 2289 4217 decimae,
2357 4143 2472 4203 sed
2518 4141 2636 4220 ipsi
2693 4149 2755 4202 et
2800 4160 3067 4220 persone

2716 4323 3099 4338 ......

2714 4431 3034 4444 ......

507 4429 801 4544 sindicus
827 4433 1238 4546 prefatorum
1259 4431 1676 4548 dominorum
1699 4437 1983 4550 actorum
2024 4436 2377 4550 respondit,
2435 4431 2602 4551 quod
2650 4457 2882 4528 domini
2927 4482 3066 4542 pre·
3092 4511 3099 4516 .

504 4570 762 4649 posituS,
811 4571 1094 4634 canonici
1141 4581 1204 4636 et
1249 4573 1588 4652 capitulum
1631 4573 1836 4654 parati
1881 4582 2095 4636 essent
2140 4543 2419 4656 decimas
2449 4574 2663 4656 levare
2696 4579 2759 4634 et
2788 4569 3069 4658 recipere

509 4698 548 4740 a
595 4680 832 4758 colonis
881 4680 1188 4742 dictorum
1233 4681 1296 4740 in
1343 4699 1602 4744 causam
1631 4688 2073 4758 attractorum,
2093 4673 2097 4676 ’
2121 4689 2188 4765 et
2244 4680 2445 4763 eciam
2509 4681 2589 4742 ab
2649 4680 2760 4754 eis,
2793 4678 2939 4759 quia
2986 4679 3069 4740 ad

506 4787 874 4850 solvendum
924 4795 1137 4850 essent
1181 4786 1459 4868 obligati,
1506 4806 1625 4850 nec
1672 4796 1842 4870 esset
1887 4788 2213 4872 contencio
2257 4807 2372 4868 pro
2400 4788 2659 4852 decimis
2706 4788 3069 4855 colonorum

503 4893 800 4974 ipsorum,
870 4895 984 4958 sed
1052 4913 1166 4974 pro
1237 4893 1495 4977 decimis
1566 4894 1646 4959 ab
1693 4894 1977 4974 ipsismet
2036 4895 2474 4980 iobagionibus
2540 4894 2727 4982 castri
2788 4892 3067 4979 predicti,

503 5001 740 5067 eisdem
786 5001 1052 5081 dominis
1099 5001 1416 5062 actoribus
1447 5001 1768 5078 debendis,
1802 5011 1865 5064 et
1897 5003 1979 5064 ad
2009 5003 2130 5064 hoc
2159 5002 2551 5082 probandum
2584 5001 2751 5062 idem
2790 4999 3097 5086 sindicu3‚
