3917 5592
740 403 871 464 284

735 618 966 677 Datum
1009 618 1166 678 feria
1211 592 1488 678 secunda
1535 616 1818 696 proxima
1849 626 1993 695 post
2022 618 2259 677 testum·
2286 616 2690 677 sacratissimi
2722 616 3000 696 corporis¹
3033 616 3289 689 Christi,

739 742 902 783 anno
951 724 1191 784 eisdem
1237 725 1563 785 millesimo
1610 724 2230 803 quadringentesimo
2251 724 2763 803 ‘quadragesimo
2810 724 3093 802 septimO.

947 865 1232 943 originale
1271 868 1714 927 membraneum,
1771 867 2051 936 dependet
2088 866 2303 921 sericea
2354 880 2499 919 zona
2534 866 2687 920 rubri
2728 866 2935 919 coloris
2977 866 3191 935 absque
3230 866 3304 918 si·

730 955 878 1023 gillo.
920 957 977 1009 [n
1015 957 1166 1010 arch.
1209 956 1395 1011 accad.
1437 956 1629 1010 scient.
1672 956 1891 1011 Slavor.
1935 956 2128 1011 merid.
2172 956 2499 1025 Zagrabiae.

1924 1258 2045 1329 20
2060 1260 2141 1329 0.

946 1479 1130 1537 Anno
1187 1476 1370 1537 1447.
1421 1476 1522 1537 27.
1573 1478 1841 1557 augusti.
1892 1477 2109 1537 Ciliae.

737 1688 1140 1755 Fridericus
1191 1689 1432 1767 ciliae,
1486 1688 1989 1773 Ortemburgae
2036 1688 2503 1773 Zagoriaeque
2548 1709 2771 1753 comes
2816 1710 3081 1754 necnon
3113 1688 3298 1754 Scla-

729 1798 976 1861 vom'ae
1005 1794 1245 1873 banus,
1271 1797 1652 1882 privilegia
1675 1796 2018 1861 nobilium
2044 1796 2493 1881 iobagionum
2528 1795 2775 1880 Campi
2810 1796 3302 1882 Zagrabiensis

728 1898 788 1970 ἀ.
861 1918 1031 1986 1437.
1093 1920 1190 1969 [ο.
1237 1908 1360 1970 oct.
1422 1910 1546 1989 per
1611 1904 1999 1989 capitulum
2068 1904 2218 1969 eccl.
2292 1904 2789 1989 Zagrabiensis
2835 1907 3293 1988 transumpta,

1804 2015 1961 2076 rata
2009 2010 2221 2076 habet.

943 2230 1075 2289 Nos
1123 2230 1172 2289 F
1175 2229 1474 2289 ridericus
1521 2228 1622 2289 dei
1685 2229 1902 2309 gracia
1964 2229 2142 2302 Cilic,
2206 2228 2655 2308 Orttemburge
2719 2228 3115 2309 Zagon'eque
3182 2237 3297 2289 etc.

729 2356 939 2396 comes
987 2356 1230 2396 necnon
1279 2337 1457 2416 regni
1504 2336 1836 2396 Sclauonie
1902 2336 2105 2396 banus
2176 2344 2391 2395 notum
2454 2336 2717 2395 facimus
2778 2344 2994 2396 tenore
3041 2354 3297 2414 presen-

728 2436 892 2505 cium
939 2445 1162 2524 quibus
1209 2444 1510 2507 incumbit
1557 2444 1880 2518 universis,
1951 2445 2121 2523 quod
2191 2444 2413 2504 nobilis
2476 2444 2792 2523 Georgius
2858 2444 3297 2524 Hagelberger

722 2552 940 2625 dictuS,
989 2570 1224 2629 spanus
1271 2558 1485 2613 noster
1530 2550 1594 2611 in
1639 2551 1978 2631 Stopnigk,
2030 2560 2092 2611 et
2140 2552 2296 2610 alter
2346 2550 2661 2631 Georgius
2710 2570 3031 2629 suppanus
3078 2559 3142 2611 et
3186 2570 3295 2611 no·

722 2660 862 2720 bilis
909 2658 1162 2738 iobagio
1227 2658 1562 2719 castrensis
1625 2657 1850 2735 Campi
1913 2658 2379 2737 Zagrabiensis,
2442 2658 2507 2717 in
2554 2677 2671 2717 sua
2719 2677 2794 2718 ac
2862 2658 3295 2718 universorum

727 2766 986 2826 aliorum
1033 2766 1330 2825 nobilium
1377 2765 1782 2845 iobagionum
1811 2765 2093 2826 similiter
2125 2764 2537 2827 castrensium
2569 2766 2647 2825 de
2680 2767 2911 2827 eodem
2943 2766 3295 2826 nominibus

729 2882 791 2933 et
837 2873 898 2932 in
946 2873 1250 2952 personis,
1299 2880 1580 2932 nostram
1627 2872 1688 2931 in
1736 2872 2133 2950 presenciam
2178 2871 2519 2941 venienteS,
2568 2872 2983 2932 exhibuerunt
3037 2881 3100 2932 et
3146 2892 3285 2951 pre·

725 2988 1050 3041 sentarunt
1095 2980 1276 3041 nobis
1322 2980 1649 3040 nonnullas
1696 2980 1934 3039 litteras
1983 2978 2099 3040 sub
2146 2978 2349 3049 forma
2396 2980 2768 3057 transumpti
2816 2979 3081 3040 aliarum
3126 2980 3289 3041 litte-

729 3107 955 3162 rarum,
1003 3089 1113 3148 sub
1179 3087 1491 3147 autentico
1539 3095 1601 3147 et
1647 3086 1866 3147 maiori
1935 3082 2138 3167 sigillo
2204 3087 2456 3164 capituli
2514 3087 2778 3146 ecclesie
2842 3084 3294 3167 Zagrabiensis.

725 3204 1050 3256 emanatas
1112 3204 1176 3255 et
1235 3196 1569 3267 coniectas,
1633 3212 1838 3267 sanaS,
1889 3193 2169 3273 integras
2233 3202 2296 3253 et
2339 3194 2513 3254 omni
2576 3194 2931 3272 suspicione
2978 3204 3285 3270 carentes,

723 3302 1133 3381 supplicando
1167 3302 1345 3362 nobis
1378 3300 1593 3361 humili
1623 3307 1896 3379 precum,
1945 3300 2270 3375 instancia,
2318 3310 2387 3361 ut
2434 3302 2787 3361 huiusmodi
2827 3302 3065 3362 litteras
3088 3310 3291 3363 trans-

725 3409 953 3487 sumpti
999 3409 1079 3470 de
1137 3428 1302 3469 novo
1349 3408 1410 3467 in
1456 3407 1673 3467 litteris
1721 3407 1949 3467 nostris
1997 3407 2174 3467 inferi
2223 3426 2297 3467 ac
2345 3408 2423 3469 de
2473 3409 2665 3468 verbo
2715 3409 2795 3468 ad
2823 3410 3085 3474 verbum
3132 3410 3285 3469 inte-

721 3515 975 3595 graliter
1020 3514 1420 3575 transsummi
1469 3522 1531 3575 et
1576 3513 1938 3574 transscribi
1969 3534 2043 3574 ac
2074 3515 2189 3575 sub
2224 3515 2427 3595 sigillo
2454 3525 2667 3577 nostro
2724 3517 2944 3577 maiori
2980 3526 3043 3578 et
3071 3526 3287 3577 auten-

719 3622 842 3682 tico
888 3602 1354 3701 privilegialiter
1385 3622 1664 3681 emanari
1708 3621 2016 3694 faciend0,
2064 3622 2360 3700 ipsasque
2406 3622 2643 3683 litteras
2697 3625 2955 3684 easdem
2988 3633 3050 3683 et
3076 3624 3287 3683 omnia

721 3729 784 3789 in
831 3729 922 3788 eis
972 3736 1264 3789 contenta
1310 3736 1497 3801 rataS,
1547 3736 1781 3807 gratae,
1831 3727 2211 3806 approbatas
2260 3740 2321 3788 et
2370 3726 2444 3789 'ac
2454 3739 2671 3808 ceptas
2719 3739 2781 3790 et
2832 3750 2946 3809 pro
2993 3730 3287 3809 predictis

721 3836 1028 3896 nobilibus
1061 3826 1497 3915 iobagionibus
1529 3835 1952 3895 castrensibus
1989 3844 2289 3914 perpetuo
2322 3837 2637 3911 valituras,
2670 3846 2973 3917 quantum
3005 3838 3067 3898 in
3100 3838 3279 3898 nobis

721 3944 927 4017 forret,
975 3943 1324 4021 approbare
1373 3950 1436 4003 et
1481 3944 1852 4003 confirmare
1899 3944 2320 4022 dignaremur.
2376 3945 2661 4021 Quarum
2708 3956 2889 4006 tenor
2934 3965 3047 4024 per
3070 3946 3285 4007 omnia

716 4052 858 4111 talis
906 4060 1032 4111 est:
1082 4044 1307 4127 (Vide
1342 4051 1500 4111 doc.
1566 4070 1637 4119 a„
1678 4048 1861 4110 1437.
1919 4048 2013 4110 10.
2062 4060 2205 4111 oct.
2255 4052 2397 4111 sub
2446 4054 2575 4114 No.
2627 4051 2814 4122 239.).
2888 4055 3020 4114 Nos
3068 4054 3279 4133 itaque

719 4150 1527 4236 huiusmodi'peticionibus
1574 4158 2147 4235 prenominatorum
2192 4158 2513 4238 utriusque
2575 4160 2852 4240 Georgii,
2902 4180 3017 4221 suo
3066 4169 3128 4221 et
3172 4180 3283 4220 no-

720 4265 987 4325 minibus
1034 4284 1297 4343 quorum
1345 4283 1536 4343 supra
1581 4264 1757 4323 iustis
1791 4272 1853 4323 et
1884 4264 2000 4324 iuri
2031 4266 2321 4325 consonis
2355 4264 2435 4326 ad
2468 4286 2582 4326 nos
2610 4266 2804 4340 factiS,
2854 4267 3284 4327 benivolenter

721 4381 1066 4433 annuentes
1100 4381 1162 4433 et
1193 4372 1482 4445 inclinati,
1517 4372 1872 4431 huiusmodi
1901 4372 2139 4431 litteras
2172 4374 2593 4451 transsumpti‚
2625 4368 3019 4451 presentibus
3052 4373 3279 4435 nostris

718 4480 932 4540 litteris
981 4480 1059 4540 de
1106 4499 1272 4540 novo
1319 4480 1508 4539 inseri
1555 4498 1630 4539 ac
1678 4480 1756 4538 de
1819 4480 2013 4539 verbo
2081 4481 2161 4539 ad
2232 4482 2497 4543 verbum
2560 4481 2695 4541 sine
2757 4478 3173 4543 diminucione
3222 4494 3284 4543 et

720 4596 1060 4667 augmento
1108 4588 1358 4665 aliquali
1421 4587 1758 4647 transsumi
1805 4597 1868 4646 et
1920 4588 2279 4648 transscribi
2340 4588 2928 4669 privilegialiterque
2996 4591 3275 4651 emanari

718 4697 1021 4770 faciendO,
1070 4697 1366 4774 ipsasque
1426 4696 1663 4755 litteras
1712 4704 1774 4755 et
1821 4696 2032 4756 omnia
2094 4697 2155 4756 in
2220 4697 2309 4757 eis
2375 4708 2640 4772 cometa,
2705 4706 2893 4772 ratast,
2957 4708 3174 4779 gratas
3222 4709 3283 4759 et

721 4813 1013 4881 acceptas
1061 4804 1369 4877 habendo,
1419 4812 1482 4862 et
1528 4812 1770 4861 tantum
1838 4812 2141 4881 quantum
2190 4804 2251 4863 in
2316 4806 2495 4865 nobis
2544 4815 2640 4865 est
2686 4824 2799 4864 seu
2862 4824 3005 4865 esse
3061 4816 3281 4884 potest,

719 4920 780 4972 et
825 4930 938 4991 pro
985 4910 1241 4989 prefatis
1287 4910 1596 4971 nobilibus
1657 4908 2095 4989 iobagionibus
2160 4911 2583 4971 castrensibus
2653 4912 2733 4971 ad
2798 4912 3071 4989 ipsorum
3130 4912 3279 4972 iuris
