3917 5592
3039 460 3169 522 233

609 678 893 755 proxima
957 686 1101 737 ante
1162 678 1393 738 festum
1456 676 1911 755 purificacionis
1977 676 2248 757 gloriose
2316 696 2565 755 semper
2624 677 2886 756 virginis
2951 676 3170 749 Marie,

606 805 771 845 nunc
818 785 1096 845 similiter
1127 786 1407 863 proxime
1455 785 1835 864 preteritum,
1884 793 1946 845 et
1979 785 2114 845 aliis
2163 784 2383 845 diebus
2432 785 2512 844 ad
2545 784 2607 844 id
2654 785 2813 863 aptis
2848 793 2910 843 et
2942 785 3170 844 suffici-

608 894 872 968 entibuS,
922 895 1003 953 ad
1049 893 1243 954 facies
1291 894 1762 972 possessionum
1809 902 1872 954 et
1916 894 2282 971 porcionum
2335 894 2971 971 possessionariarum
3033 913 3169 971 pre-

603 999 713 1059 fati
760 1000 1096 1060 Lowrandi
1142 999 1249 1060 filii
1297 1000 1604 1080 Gyurgek
1635 999 1698 1059 in
1726 1000 2007 1078 predicta
2056 1002 2262 1059 Losan
2299 1008 2361 1059 et
2388 1000 2544 1059 alias
2579 998 2781 1059 ubivis
2814 1000 3166 1059 habitarum

604 1118 666 1168 et
700 1108 1122 1180 existencium,
1172 1110 1395 1187 quovis
1428 1108 1695 1169 nominis
1726 1109 2034 1168 vocabulo
2063 1108 2476 1168 vocitatarum
2509 1128 2623 1168 seu
2655 1118 3169 1186 nuncupatarum‚

604 1235 726 1294 que
776 1217 1043 1276 condam
1109 1216 1310 1275 Marci
1372 1216 1477 1276 filii
1525 1216 1838 1276 Mathews
1901 1217 1981 1276 de
2044 1216 2208 1275 dicta
2267 1216 2478 1276 Losan
2539 1216 2914 1293 prefuerant,
2965 1226 3027 1275 et
3090 1218 3168 1275 ab

605 1324 828 1382 eodem
875 1324 1101 1383 Marco
1144 1331 1288 1402 post
1334 1326 1665 1384 decessum
1713 1324 1907 1401 ipsius
1956 1324 2018 1381 in
2051 1324 2360 1401 prefatum
2408 1323 2830 1383 Lowrandum
2878 1325 3167 1383 devolute

605 1429 939 1490 extiterant
987 1440 1047 1489 et
1095 1432 1366 1506 redacte,
1416 1431 1634 1491 vicinis
1684 1440 1747 1491 et
1792 1431 2240 1491 commetaneis
2289 1432 2632 1491 earundem
2665 1432 2973 1491 universis
3019 1432 3170 1491 inibi

608 1536 884 1617 legitime
950 1538 1310 1598 convocatis
1385 1546 1446 1598 et
1507 1538 1902 1615 presentibus
1969 1546 2388 1613 accesserunt,
2453 1548 2517 1597 et
2581 1539 2838 1598 easdem
2901 1539 2964 1597 in
3026 1548 3167 1599 octo

604 1652 817 1721 partes
877 1664 993 1723 per
1051 1654 1301 1720 sortem,
1366 1645 1445 1705 de
1510 1664 1683 1705 more
1750 1645 1905 1704 alias
1973 1653 2292 1704 consweto
2360 1645 2720 1720 diviserunt,
2785 1664 2858 1705 ac
2925 1654 3166 1724 septem

601 1761 813 1830 partes
861 1772 975 1813 seu
1021 1753 1351 1830 porciones
1398 1753 1820 1831 predictarum
1876 1752 2348 1831 possessionum
2397 1760 2460 1811 et
2504 1754 2868 1830 porcionum
2917 1772 3165 1831 posses-

604 1859 1017 1920 sionariarum
1080 1860 1275 1939 ipsius
1324 1860 1591 1919 condam
1656 1859 1858 1921 Marci
1904 1859 2013 1919 filii
2059 1859 2204 1919 ch'cti
2251 1860 2566 1920 Mathews
2631 1860 2850 1934 ubiviS,
2915 1870 2981 1919 ut
3026 1880 3166 1938 pre-

599 1966 823 2027 dicitur
868 1968 1223 2028 habitarum
1256 1976 1318 2027 et
1346 1968 1567 2047 quovis
1598 1968 1863 2028 nominis
1897 1968 2206 2028 vocabulo
2237 1967 2668 2042 vocitatamm,
2703 1988 2845 2027 cum
2876 1969 3166 2028 omnibus

600 2076 877 2155 ipsarum
924 2084 1166 2154 septem
1212 2076 1493 2155 parcium
1526 2096 1638 2135 seu
1668 2076 2035 2155 porcionum
2081 2076 2359 2153 ipsarum
2406 2075 2875 2153 possessionum
2909 2083 2972 2135 et
3017 2094 3158 2153 por-

596 2182 846 2243 cionum
894 2183 1530 2261 possessionariarum
1578 2182 1961 2257 utilitatibus,
2023 2183 2255 2257 usibuS‚
2303 2182 2852 2257 fructuositatibus,
2899 2201 3162 2261 proven-

600 2290 767 2349 tibus
815 2298 877 2350 et
922 2290 1320 2369 pertinenciis
1370 2292 1694 2366 universiS,
1742 2292 2106 2351 memoratis
2154 2290 2509 2350 Lowrando
2557 2299 2620 2350 et
2657 2291 2985 2369 Stephano
3030 2290 3164 2349 iure

600 2396 751 2474 ipsis
798 2397 1179 2457 incumbenti
1238 2398 1301 2457 in
1363 2399 1629 2457 heredes
1680 2406 1743 2459 et
1788 2408 2075 2475 posteros
2137 2417 2354 2458 eorum
2416 2397 2745 2457 universos
2812 2406 3165 2458 statuerunt

596 2514 899 2583 perpetuo
966 2506 1401 2585 possidendaS,
1450 2506 1697 2566 nemine
1759 2506 2007 2585 penitus
2056 2506 2509 2566 contradictore
2559 2514 2918 2584 apparente,
2966 2506 3161 2566 tribus

599 2613 819 2673 diebus
869 2615 1176 2674 continuis
1226 2624 1289 2674 et
1334 2614 1627 2695 legitimis
1675 2614 1848 2673 iuxta
1896 2614 2075 2694 reg-ni
2109 2615 2624 2675 consvetudinem
2655 2634 2896 2674 moram
2927 2614 3158 2675 ibidem

593 2719 882 2780 faciendo
930 2722 1344 2799 personalem,
1392 2723 1570 2782 salva
1602 2730 1813 2781 tamen
1861 2728 2090 2781 octava
2121 2732 2298 2800 parte
2331 2741 2444 2782 seu
2492 2721 2788 2802 porcione
2816 2718 3157 2783 earundem

592 2828 1062 2904 possessionum
1113 2836 1177 2888 et
1221 2828 1587 2906 porcionum
1634 2828 2291 2908 possessionariarum,
2339 2828 2618 2889 similiter
2649 2848 2792 2889 cum
2824 2829 2952 2888 suis
2998 2829 3156 2889 utili-

587 2934 819 2993 tatibus
886 2942 948 2993 et
1010 2934 1409 3012 pertinenciis
1475 2934 1800 3009 universis,
1865 2954 1988 3013 que
2053 2935 2333 2995 Fabiano
2399 2935 2563 2994 dicto
2633 2932 2970 2995 Pethkom¹
3030 2936 3156 2995 filio

593 3040 813 3117 Kyrini
862 3042 941 3100 de
989 3041 1213 3116 Obres,
1260 3043 1323 3101 in
1370 3042 1673 3103 heredum
1733 3043 2000 3102 heredes
2051 3050 2112 3101 et
2158 3050 2444 3121 posteros
2501 3041 2779 3102 similiter
2826 3062 2974 3102 suos
3020 3043 3154 3102 uni·

591 3168 829 3223 verSOS,
896 3168 1012 3227 per
1074 3148 1349 3226 prefatos
1412 3157 1658 3209 nostros
1727 3149 2082 3230 fidedignos
2161 3150 2529 3230 iobagiones
2593 3159 2688 3209 est
2749 3158 2980 3209 statuta
3040 3170 3153 3228 pro

590 3263 813 3335 quarta
878 3258 1137 3336 puellari
1204 3266 1506 3335 perpetuo
1570 3258 1969 3336 possidenda.
2034 3258 2104 3317 In
2151 3258 2326 3317 cuius
2382 3258 2472 3317 rei
2534 3258 2902 3317 memoriam
2964 3266 3150 3337 atque

584 3363 1007 3423 testimonium
1054 3364 1534 3443 firmitatemque
1582 3373 1967 3443 perpetuam,
2014 3364 2408 3443 presentibus
2456 3365 2660 3445 sigilla
2708 3373 2922 3425 nostra
2969 3366 3151 3425 solita

590 3479 654 3530 et
716 3471 1032 3531 autentica
1097 3471 1386 3531 duximus
1454 3472 1886 3550 appendenda.
1951 3472 2185 3531 Datum
2253 3472 2584 3552 Zagrabie‚
2649 3473 2806 3532 teria
2872 3473 3150 3533 secunda

588 3578 872 3656 proxima
933 3587 1076 3657 post
1138 3579 1369 3638 festum
1429 3578 1595 3639 beati
1660 3580 1851 3639 Blasii
1917 3579 2194 3657 episcopi
2244 3588 2305 3637 et
2351 3579 2637 3654 martiriS,
2687 3598 2852 3639 anno
2915 3580 3148 3640 domini

589 3685 913 3745 millesimo
959 3686 1577 3766 quadringentesimo
1625 3686 1937 3746 tricesimo
1984 3687 2200 3765 primo,
2279 3698 2287 3703 “

799 3825 1085 3895 Originale
1124 3828 1568 3881 membraneum.
1608 3826 1939 3896 Dependent
1985 3828 2169 3882 solum
2220 3827 2364 3881 duae
2403 3827 2652 3881 sericeae
2685 3843 2862 3881 zonae
2897 3828 3139 3881 coerulei

582 3916 792 3971 coloris
845 3916 1059 3984 absque
1106 3915 1307 3985 sigilla
1346 3916 1406 3969 In
1447 3916 1680 3969 archivo
1731 3915 1887 3985 regni
1939 3916 2274 3985 Hungariae,
2328 3916 2721 3985 Budapestini:
2773 3917 2841 3971 M.
2882 3915 2947 3970 Ο.
2985 3916 3046 3969 D.
3086 3917 3142 3969 L.

580 4003 775 4059 32941.
816 4004 953 4058 olim
992 4004 1055 4059 N.
1093 4005 1160 4059 R.
1204 4006 1263 4060 A.
1308 4006 1439 4059 fasc.
1480 4004 1600 4059 134.
1639 4005 1742 4059 No,
1780 4006 1829 4059 9.

799 4148 813 4176 ¹
853 4148 947 4201 sic.
