3917 5592
3058 453 3178 519 157

613 667 816 751 sigillo
863 668 1294 729 tantummodo
1343 686 1418 731 ac
1465 666 2005 728 serenissimarum
2053 666 2401 747 principum
2455 664 2847 730 dominarum
2893 670 3177 732 Elizabet

615 776 830 839 matris
863 786 926 837 et
969 776 1173 837 Marie
1221 774 1572 849 contoraliS,
1621 775 1983 855 reginarum
2029 774 2177 836 dicti
2224 774 2403 856 regni
2450 776 2779 856 Hungarie
2824 786 3179 840 nostrarum

616 884 1096 958 carissiinarum,
1127 882 1398 945 felicium
1444 882 1976 959 recordacionum,
2023 902 2269 945 necnon
2314 892 2527 944 nostre
2574 884 2689 943 sub
2739 904 2956 946 earum
2988 895 3177 967 atque

615 992 842 1055 nostris
911 999 1041 1052 tam
1095 990 1434 1052 maioribus
1502 1009 1694 1070 quam
1741 990 2084 1051 minoribus
2132 990 2366 1071 sigillis,
2438 1010 2627 1070 super
2682 991 2863 1052 factis
2924 992 3177 1072 quibus-

617 1120 862 1181 cunque
894 1108 958 1161 et
987 1098 1318 1179 presertim
1363 1098 1876 1179 possessionariis
1908 1116 2022 1178 pro
2054 1098 2530 1179 quibuscunque
2562 1100 2846 1179 personis
2875 1100 3179 1181 dignitate

615 1208 838 1288 quavis
885 1218 949 1269 et
1011 1206 1374 1268 condicione
1437 1206 1859 1287 fungentibus,
1923 1206 2363 1267 ecclesiasticis
2410 1183 2631 1287 utputa
2678 1215 2740 1267 et
2794 1208 3178 1268 secularibus

616 1318 762 1378 date
809 1324 872 1377 et
918 1316 1257 1396 assignate,
1303 1332 1416 1395 pro
1461 1314 1736 1375 tollendo
1783 1315 1954 1375 omni
1999 1312 2189 1375 dubio
2221 1314 2729 1394 removendoque
2772 1315 3069 1376 scandalo
3118 1323 3181 1375 et

617 1426 698 1487 ad
745 1424 1040 1485 evitanda
1085 1424 1281 1484 multa
1328 1432 1514 1503 atque
1560 1422 1754 1497 varia,
1802 1441 1924 1503 que
1966 1430 2222 1503 propter
2268 1422 2613 1504 sigillorum
2658 1423 2936 1502 ipsarum
2983 1422 3176 1484 domi·

616 1552 838 1594 narum
908 1532 1270 1613 reginarum
1341 1530 1846 1610 deperdicionem
1917 1540 2398 1610 nostrorumque
2466 1540 2597 1592 tam
2664 1530 2921 1593 minoris
2990 1550 3181 1612 quam

618 1642 888 1716 maioriS,
935 1639 1224 1701 videlieet
1270 1638 1592 1719 duppliciS,
1664 1658 1740 1700 ex
1789 1640 1997 1700 causis
2045 1648 2109 1700 et
2154 1639 2509 1701 racionibus
2562 1639 2854 1721 legitimis
2902 1640 3179 1701 confrac-

619 1750 862 1811 cionem
889 1748 954 1808 in
985 1749 1320 1809 multorum
1365 1745 1602 1807 iuribus
1635 1754 1700 1807 et
1729 1747 2057 1825 presertim
2104 1746 2616 1826 possessionariis
2646 1747 2921 1827 dampna
2958 1745 3182 1828 gravia

619 1864 682 1918 et
741 1856 1094 1935 periculosa
1159 1856 1534 1916 detrimenta
1603 1856 1910 1916 hactenus
1972 1855 2225 1915 evenire
2272 1863 2624 1935 potuerunt,
2693 1875 2734 1916 a
2792 1854 2953 1917 festo
3012 1856 3181 1917 beati

619 1964 878 2045 Georgii
923 1962 1193 2024 martiris
1239 1963 1366 2023 iam
1413 1963 1692 2042 proxime
1741 1965 1975 2042 elaps0,
2038 1982 2237 2043 usque
2283 1963 2513 2024 festum
2571 1962 2850 2024 eiusdem
2900 1964 3181 2043 primitus

620 2072 971 2147 affuturum,
1000 2072 1115 2131 sub
1145 2089 1312 2151 pena
1341 2070 1789 2143 revocacionis,
1827 2070 2278 2131 annullacionis
2310 2080 2373 2131 et
2404 2070 2785 2131 cassacionis
2818 2070 3175 2132 huiusmodi

617 2178 962 2240 litterarum
1023 2197 1149 2238 non
1216 2178 1780 2257 producendarum,
1829 2196 1942 2256 per
2004 2196 2119 2239 nos
2165 2177 2455 2253 vidende‚
2527 2178 2942 2239 examinande
3006 2185 3069 2238 et
3128 2178 3181 2238 si

615 2306 774 2365 opus
821 2286 1002 2347 fieret
1047 2286 1165 2346 sub
1212 2286 1489 2366 presenti
1533 2293 1747 2346 nostro
1793 2284 2016 2345 maiori
2063 2284 2268 2366 sigillo
2315 2286 2393 2347 de
2440 2305 2607 2346 novo
2655 2294 2989 2365 preparato
3036 2305 3181 2346 con-

615 2393 936 2467 firmanda
985 2394 1390 2474 approbande
1439 2402 1502 2453 et
1548 2394 1931 2468 ratificande,
1959 2402 2171 2455 nostre
2213 2394 2509 2454 claritatis
2557 2392 2835 2454 exhiberi
2883 2393 3185 2453 deberent

615 2500 976 2581 conspectui
1025 2508 1088 2561 et
1133 2500 1498 2579 presentari.
1546 2502 1834 2562 Tandem
1882 2500 2217 2581 religiosus
2265 2508 2329 2561 et
2374 2502 2495 2562 deo
2541 2502 2807 2561 devotus
2853 2500 2949 2561 vir
2991 2500 3184 2561 frater

615 2608 946 2689 Georgius,
1019 2608 1188 2687 prior
1249 2608 1565 2688 generalis
1611 2608 1848 2669 ordinis
1915 2608 2177 2669 fratrum
2224 2606 2671 2668 heremitarum
2742 2606 2941 2667 sancti
3004 2606 3182 2666 Pauli

612 2716 795 2797 primi
838 2716 1163 2790 heremite,
1209 2714 1564 2775 nominibus
1613 2722 1676 2776 et
1721 2714 1784 2775 in
1831 2714 2119 2793 personis
2152 2713 2373 2793 prioris
2418 2713 2679 2775 fratrum
2730 2723 2793 2774 et
2837 2722 3181 2774 conventus

614 2824 867 2884 claustri
912 2824 1098 2884 beate
1165 2822 1390 2883 Marie-
1412 2822 1692 2903 virginiS,
1719 2823 1953 2883 ordinis
2010 2822 2293 2883 eiusdem
2341 2822 2419 2883 de
2466 2822 2892 2902 promontorio
2937 2821 3175 2902 Zagra-

614 2930 832 3006 biensi,
879 2936 1092 2991 nostre
1139 2930 1484 2991 maiestatis
1539 2930 1801 2991 veniens
1849 2931 1910 2991 in
1957 2929 2369 3009 presenciam,
2438 2929 2716 2991 exhibuit
2759 2928 2940 2989 nobis
2987 2929 3180 3009 quod·

617 3039 762 3099 dam
807 3036 1202 3119 privilegium
1249 3045 1548 3114 nostrum,
1614 3038 1874 3117 predicti
1921 3039 2193 3113 maioris,
2241 3045 2309 3098 ut
2353 3038 2661 3118 prefertur
2726 3036 3185 3098 racionabiliter

615 3144 914 3209 confracti
978 3152 1042 3204 et
1106 3144 1492 3224 permactati,
1539 3144 1725 3226 sigilli
1772 3146 1967 3206 nostri
2038 3145 2332 3207 autentici
2397 3145 2783 3224 appensione
2850 3142 3174 3218 munitum,

616 3260 897 3315 tenorem
944 3253 1334 3333 quarundam
1383 3253 1649 3313 duarum
1695 3254 2058 3329 litterarum,
2104 3253 2288 3314 unius
2320 3252 2611 3313 videlicet
2654 3258 2867 3313 nostre
2913 3250 3183 3332 patentis

618 3360 732 3422 sub
779 3368 996 3421 nostro
1055 3368 1299 3421 secreto
1355 3360 1576 3443 sigillo,
1639 3361 2054 3422 donacionem
2101 3360 2427 3422 cuiusdam
2490 3359 2907 3439 possessionis
2972 3365 3182 3420 nostre

621 3469 1022 3529 Petresewch
1067 3476 1310 3544 vocate,
1383 3487 1420 3529 a
1467 3477 1674 3529 castro
1720 3478 1934 3529 nostro
1982 3469 2236 3529 Medwe
2283 3477 2509 3529 vocato
2554 3488 2666 3547 per
2712 3487 2829 3529 nos
2876 3473 3183 3546 separate,

619 3577 683 3637 in
742 3596 941 3657 regno
989 3584 1201 3636 nostro
1269 3576 1604 3639 Sclauonie
1652 3585 1716 3638 et
1777 3578 1840 3637 in
1887 3577 2187 3638 comitatu
2255 3575 2669 3657 Zagrabiensi
2715 3574 3052 3648 existentiS‚
3122 3583 3185 3633 et

619 3684 870 3746 alterius
916 3682 1296 3746 honorabilis
1341 3664 1594 3764 capituli
1643 3685 1907 3745 ecclesie
1956 3682 2405 3765 Zagrabiensis
2433 3684 2645 3743 clause
2692 3681 2873 3743 nobis
2920 3680 3180 3760 rescrip-

619 3790 890 3867 cionalis,
922 3790 1268 3871 legitimam
1299 3792 1714 3853 statucionem
1746 3792 2029 3853 eiusdem
2061 3790 2479 3872 possessionis
2510 3808 2625 3870 pro
2658 3789 2881 3851 eodem
2914 3790 3182 3849 claustro

618 3906 680 3959 et
725 3905 1038 3959 conventu
1085 3898 1200 3959 rite
1246 3900 1464 3975 factaS,
1511 3899 1749 3961 seriose
1797 3901 2162 3979 explicantis
2195 3899 2257 3960 in
2290 3919 2360 3961 se
2392 3898 2883 3979 transsumptive
2928 3906 2991 3959 et
3036 3916 3181 3958 con·

617 4005 924 4067 firmative
971 4006 1212 4067 habens
1259 4014 1324 4067 et
1368 4005 1712 4083 continenS,
1759 4008 1994 4068 tenoris
2043 4007 2500 4088 subsequentiS,
2564 4006 2922 4086 supplicans
2968 4013 3181 4065 nostro

617 4112 868 4173 culmini
937 4131 1051 4173 suo
1099 4120 1164 4172 et
1209 4114 1563 4174 nominibus
1634 4114 1859 4194 quibus
1928 4132 2121 4195 supra
2172 4134 2359 4194 prece
2430 4114 2645 4175 humili
2692 4122 2755 4175 et
2801 4114 3048 4189 devota,
3116 4120 3185 4173 ut

618 4221 781 4282 idem
810 4220 1206 4302 privilegium
1251 4230 1534 4283 nostrum
1565 4230 1788 4298 ratum,
1837 4232 2089 4304 gratum
2122 4231 2185 4284 et
2214 4232 2543 4302 acceptum
2587 4222 2897 4297 habendo,
2923 4220 3177 4281 nostris-

617 4346 736 4407 que
768 4328 990 4388 litteris
1018 4327 1300 4389 similiter
1338 4328 1830 4410 privilegialibus
1857 4331 2195 4392 verbaliter
2224 4330 2416 4391 inseri
2447 4337 2509 4391 et
2540 4328 2847 4390 conscribi
2875 4327 3179 4401 faciendO,

617 4437 885 4497 claustro
932 4444 996 4497 et
1040 4436 1242 4499 ordini
1309 4456 1423 4517 pro
1469 4436 1727 4517 prefatis
1775 4437 2167 4514 innovanteS,
2216 4445 2520 4518 perpetuo
2568 4437 2903 4498 valiturum
2958 4436 3177 4517 digna-

616 4560 824 4603 remur
895 4544 1284 4606 confirmare.
1375 4544 1575 4606 Cuius
1622 4546 1875 4627 quidem
1945 4546 2256 4627 privilegii
2301 4545 2497 4606 nostri
2566 4552 2746 4606 tenor
2802 4564 2915 4624 per
2971 4544 3183 4607 omnia

615 4650 894 4731 sequitur
951 4658 1016 4712 et
1075 4659 1175 4714 est
1227 4652 1398 4714 talis:
1471 4652 1711 4730 (Vide
1784 4654 1952 4714 doc.
2018 4672 2073 4714 a.
2130 4650 2314 4714 1387.
2386 4650 2444 4712 4.
2495 4650 2977 4713 decembris
3038 4652 3182 4711 sub

619 4757 732 4818 No.
788 4755 970 4833 109.).
1062 4758 1196 4819 Nos
1241 4758 1432 4840 igitur
1499 4760 1834 4820 humilimis
1882 4768 1946 4820 et
1994 4760 2237 4821 devotis
2304 4779 2379 4821 ac
2426 4760 2540 4820 iuri
2613 4759 2905 4820 consonis
2960 4758 3184 4839 prefati

617 4864 826 4925 fratris
890 4865 1167 4947 Georgii,
1239 4866 1460 4946 prioris
1529 4868 1844 4948 generalis
1893 4868 2129 4928 ordinis
2200 4868 2545 4942 memorati,
2616 4867 3183 4948 supplicacionibus

622 4972 906 5039 antelatis
951 4992 1065 5061 per
1109 4973 1314 5060 ipsum
1359 4976 1546 5040 modo
1593 4972 1718 5062 qud
1765 4995 1958 5061 supra
1989 4996 2105 5041 suo
2152 4984 2215 5041 et
2262 4976 2567 5043 dictorum
2614 4976 2875 5045 fratrum
2922 4986 2985 5043 et
3030 4996 3176 5045 con·
