3917 5592
858 436 945 499 50

858 652 1339 713 resurreccionis
1403 653 1652 727 domini,
1725 674 1889 714 anno
1938 656 2170 716 domini
2242 656 2567 717 millesimo
2614 658 3052 719 trecentesimo
3109 657 3417 718 tricesimo

855 758 1066 819 tercio.

1072 901 1114 953 E
1156 903 1512 970 transumpto
1569 902 1896 957 authentico
1950 902 2184 972 capituli
2239 902 2630 971 Zagrabiensis
2686 918 2736 957 a.
2780 900 2933 957 1550.
2991 903 3076 957 29.
3116 902 3256 957 iunii
3311 918 3414 972 pro

854 993 1017 1058 parte
1054 990 1187 1044 nob.
1226 988 1469 1060 Philippi
1525 992 1798 1046 Hor-wath
1839 993 1907 1047 de
1944 993 2202 1049 Klokoch
2241 997 2524 1048 emanata
2601 994 2662 1046 ln
2699 992 2934 1047 archivo
2991 1010 3275 1047 commun.
3315 1008 3414 1047 no-

854 1078 1054 1132 bilium
1095 1078 1164 1132 de
1202 1078 1526 1150 Turopolje.
2683 1080 2703 1105 ⁸

1076 1258 1088 1287 ¹
1127 1258 1225 1313 sie.

2062 1367 2210 1439 40.

1067 1566 1251 1631 Anno
1308 1563 1493 1627 1333.
1542 1566 1599 1625 4.
1650 1566 1792 1627 iulii.
1842 1569 2048 1646 Prope
2097 1570 2502 1647 Tupulcham.

854 1759 1163 1825 Karolus
1208 1760 1631 1845 Hungariae
1663 1764 1781 1824 etc,
1817 1782 1954 1840 rex,
1995 1762 2456 1848 privilegium
2490 1762 2812 1829 Ladislai
2844 1764 2889 1828 I
2901 1764 2965 1831 V.
2997 1764 3416 1849 Hungariae

849 1869 966 1931 etc.
1016 1867 1206 1952 regis
1274 1866 1356 1930 de
1401 1887 1588 1932 anno
1634 1882 1837 1949 1279.,
1906 1888 2039 1953 quo
2085 1868 2434 1935 libertates
2501 1869 2949 1957 iobagionum
3013 1872 3236 1936 castri
3281 1872 3410 1937 Ζα-

839 1972 1245 2059 grabiensis
1306 1979 1437 2058 per
1479 1971 1737 2039 bunum
1807 1974 2184 2041 Nicolaum
2249 1997 2311 2041 α.
2355 1976 2544 2058 1278.
2593 1981 2700 2043 26.
2751 1980 2932 2043 maii
2989 1980 3417 2065 conscriptae

1672 2083 2207 2168 confirmantur,
2254 2086 2400 2149 rati
2391 2083 2584 2169 ficat.

1060 2290 1194 2350 Nos
1241 2290 1515 2350 Karolus
1563 2288 1664 2348 dei
1712 2286 1931 2367 gracia
1993 2304 2102 2344 rex
2148 2285 2476 2365 Hungarie
2553 2286 2854 2349 memorie
2903 2286 3412 2347 commendantes

844 2406 1063 2457 tenore
1112 2398 1507 2475 presencium
1556 2394 1986 2475 significamus
2049 2393 2274 2470 quibus
2322 2396 2574 2471 expedit
2619 2393 2945 2469 vniuersi3‚
3019 2395 3188 2474 quod
3236 2413 3411 2455 acce-

848 2506 1067 2565 dentes
1117 2507 1199 2565 ad
1246 2505 1637 2583 presenciam
1683 2511 1895 2562 nostre
1945 2500 2289 2560 maiestatis
2335 2502 2600 2562 Iacobus
2644 2502 2804 2563 filius
2851 2503 3153 2562 Wlkotha
3199 2522 3412 2562 comes

846 2612 1176 2687 terrestriS,
1225 2620 1288 2672 et
1334 2612 1613 2689 Mykuch
1658 2610 1819 2671 filius
1860 2610 2160 2669 Kelemus
2209 2628 2284 2668 ac
2331 2610 2715 2670 Laurencius
2762 2610 2924 2670 filius
2989 2611 3195 2669 Rathk
3241 2609 3409 2669 ioba·

847 2719 1068 2799 giones
1118 2720 1305 2779 castri
1364 2718 1826 2800 ZagrabiensiS,
1896 2716 2113 2776 fideles
2167 2717 2380 2788 nostri,
2453 2737 2566 2778 suo
2633 2726 2696 2778 et
2753 2717 3186 2778 Vniuersorum
3243 2717 3410 2777 ioba-

848 2826 1106 2907 gionum
1171 2828 1359 2888 castri
1428 2826 1707 2887 eiusdem
1767 2825 1902 2884 vice
1952 2832 2014 2883 et
2059 2824 2307 2884 nomine
2377 2826 2793 2887 exhibuerunt
2846 2826 3025 2885 nobis
3097 2825 3410 2905 quoddam

846 2934 1243 3015 priuilegium
1306 2934 1687 2995 serenissimi
1760 2932 2052 3012 principis
2124 2931 2354 2991 domini
2426 2933 2704 2993 Ladizlai
2766 2933 3086 3012 quondam
3153 2931 3404 2991 illustris

850 3042 1019 3121 regis
1052 3043 1377 3123 Hungarie
1402 3042 1598 3103 felicis
1632 3038 2108 3112 recordacioniS,
2157 3040 2572 3119 progenitoris
2607 3049 2669 3099 et
2699 3039 3164 3117 predecessoris
3195 3039 3406 3113 nostri,

846 3149 1079 3209 tenoris
1133 3149 1525 3228 infrascripti,
1596 3148 1774 3208 nobis
1821 3146 2134 3205 humiliter
2203 3147 2624 3225 supplicantes
2673 3154 2736 3207 et
2781 3156 3060 3206 nostram
3121 3147 3403 3227 benigni-

846 3264 1042 3315 tatem
1089 3256 1303 3315 humili
1332 3275 1591 3334 precum
1638 3254 1945 3315 instancia
1976 3254 2382 3331 postulanteS,
2431 3262 2737 3331 quatenus
2768 3253 2972 3333 ipsum
3018 3254 3411 3334 priuilegium

846 3370 977 3422 toto
1026 3362 1307 3422 eiusdem
1354 3372 1573 3423 tenore
1620 3368 2013 3438 transumpto
2048 3362 2126 3419 de
2159 3361 2336 3439 regia
2381 3362 2770 3441 benignitate
2803 3380 3110 3421 renouare
3158 3368 3221 3422 et
3267 3362 3410 3421 noui

847 3468 1033 3549 sigilli
1078 3469 1273 3528 nostri
1320 3468 1616 3529 autentici
1664 3467 2065 3547 apposicione
2115 3468 2483 3527 confirmare
2519 3469 2938 3548 dignaremur.
2989 3467 3187 3527 Cuius
3221 3476 3412 3545 ⁴tenor

847 3577 989 3637 talis
1022 3586 1147 3637 est:
1200 3577 1449 3653 (Vide
1499 3578 1679 3636 doe.
1730 3595 1783 3635 a.
1826 3572 2012 3633 1279.
2062 3574 2220 3633 sub
2269 3575 2384 3633 No.
2417 3572 2562 3651 32).
2612 3576 2806 3655 Igitur
2837 3594 2953 3635 nos
3001 3575 3411 3653 peticionibus

849 3693 911 3744 et
958 3684 1525 3762 supplicacionibus
1573 3682 1848 3743 fidelium
1896 3690 2250 3741 nostrorum
2321 3689 2740 3759 pretactorum
2791 3682 2968 3769 iustis
3017 3690 3078 3742 et
3123 3682 3415 3763 legitimis

848 3792 926 3851 de
975 3791 1147 3870 regie
1210 3791 1459 3869 pietatis
1510 3790 1850 3849 clemencia
1911 3788 2337 3849 fauorabiliter
2383 3788 2675 3863 inclinati,
2749 3790 3070 3849 tenoribus
3136 3790 3416 3850 eiusdem

848 3898 1157 3978 priuilegii
1205 3900 1285 3958 de
1331 3898 1525 3958 verbo
1560 3899 1641 3957 ad
1671 3897 1932 3956 verbum
1979 3896 2372 3975 presentibus
2407 3897 2674 3971 insertis,
2724 3897 2954 3957 dictum
3001 3896 3417 3977 priuillegiurn

848 4012 1125 4078 eatenus,
1198 4013 1506 4084 quatenus
1569 4004 1875 4064 firmitatis
1949 4003 2234 4083 vigorem
2297 4004 2532 4063 habere
2604 4004 2947 4064 dinoscitur
3016 4013 3418 4084 acceptamus

847 4112 1243 4190 presencium
1312 4111 1657 4190 patrocinio
1728 4111 2072 4170 litterarum
2119 4119 2473 4170 nostrarum
2543 4112 2901 4189 patencium
2953 4112 3412 4181 confirmante&

846 4219 1240 4297 presentibus
1316 4228 1525 4279 autem
1595 4220 1675 4278 ad
1740 4238 1853 4278 nos
1928 4214 2334 4296 reportantis¹
2379 4227 2660 4278 nostrum
2730 4219 3128 4300 priuilegium
3191 4220 3415 4279 exinde

847 4325 980 4384 fieri
1028 4327 1348 4386 faciemus,
1442 4326 1673 4385 Datum
1721 4326 1782 4384 in
1831 4325 2069 4403 campis
2131 4344 2326 4403 prope
2375 4324 2584 4385 villam
2645 4326 3034 4405 Thupulcha,
3105 4326 3416 4388 dominica

848 4434 1132 4513 proxima
1179 4442 1322 4511 post
1368 4432 1597 4492 festum
1663 4433 1994 4492 beatorum
2041 4432 2208 4491 Petri
2256 4440 2317 4491 et
2363 4432 2540 4492 Pauli
2589 4435 3028 4511 apostolorum,
3091 4453 3257 4493 anno
3306 4435 3412 4494 do·

850 4541 999 4601 mini
1046 4542 1375 4601 millesimo
1422 4534 1641 4600 CCC0.
1692 4540 2007 4599 tricesimo
2053 4540 2262 4600 terci0.

1064 4682 1105 4735 E
1143 4683 1499 4748 transumpto
1544 4680 1814 4734 Ludovici
1853 4680 1998 4748 regis
2055 4696 2104 4733 a.
2147 4679 2301 4735 1352.
2339 4681 2424 4735 25.
2467 4681 2668 4749 martii,
2726 4698 2826 4752 per
2863 4684 3278 4751 Margaretham
3316 4682 3418 4736 du·-

860 4769 1067 4824 cissam
1106 4768 1445 4823 Sclavoniae
1484 4784 1534 4823 a.
1575 4767 1729 4826 1354.
1766 4768 1817 4825 4.
1854 4768 2165 4826 decembris
2201 4770 2490 4829 ratificato.
2544 4771 2604 4825 In
2643 4771 2876 4826 archivo
2915 4771 3088 4827 nobil.
3129 4786 3416 4827 commun.

855 4860 1175 4929 TuropolJe.
