3917 5592
757 425 888 490 216

752 642 817 712 in
860 641 1077 702 litteris
1094 627 1105 636 ’
1124 641 1366 702 Nicolai
1408 642 1517 701 filii
1564 641 1787 716 Iacobi‚
1821 637 2066 702 comitis
2095 641 2540 721 Zagrabiensis
2572 641 2726 701 alias
2761 641 3084 702 castellani
3117 642 3306 702 castri

750 751 830 811 de
876 751 1168 810 Zanabor
1214 771 1288 810 ac
1335 751 1521 809 Mark
1548 749 1654 810 filii
1682 751 2074 826 Stanomery‚
2121 749 2362 808 comitis
2392 749 2701 808 terrestris
2735 749 2815 808 de
2849 749 3014 809 dicto
3059 749 3304 828 Campo

747 857 1177 937 Zagrabiensi,
1225 856 1529 918 contentis
1577 865 1641 917 et
1684 857 2076 935 specificatiS,
2125 876 2164 916 a
2211 857 2392 916 metis
2439 864 2501 916 et
2551 856 3053 935 possessionibus
3098 857 3302 934 prefa-

748 971 953 1024 torum
1002 973 1282 1024 actorum
1338 965 1587 1043 penitus
1636 974 1699 1024 et
1743 965 1807 1024 in
1853 973 1985 1025 toto
2044 972 2520 1043 sequestratam,
2566 983 2680 1042 pro
2726 965 3007 1044 pecuniis
3055 967 3309 1026 emisset

752 1080 815 1132 et
873 1081 1318 1151 comparasset,
1382 1072 1626 1151 ipsique
1690 1073 2002 1152 prenotati
2065 1081 2308 1133 actores
2371 1072 2552 1133 dictis
2614 1073 2870 1152 prefatis
2936 1073 3107 1134 silvis
3155 1077 3306 1133 'non-

747 1175 968 1258 quam²
1012 1181 1267 1259 proprie·
1309 1180 1405 1240 usi
1449 1180 1729 1255 fuissent,
1776 1180 1895 1240 nisi
1942 1181 2022 1241 de
2069 1181 2460 1258 beneplacito
2519 1181 2794 1246 Ladislai
2841 1181 2946 1242 filii
2994 1181 3305 1242 Valentini

746 1288 851 1348 filii
898 1288 1159 1366 predicti
1204 1287 1375 1347 Iwan
1425 1297 1488 1348 et
1532 1288 1947 1366 prenominati
2011 1288 2245 1348 domini
2305 1288 2708 1362 succentoriS,
2772 1299 2835 1348 et
2881 1289 2942 1349 in
2989 1289 3126 1349 vim·
3161 1308 3303 1368 pro-

744 1395 1025 1454 bacionis
1070 1394 1217 1455 facti
1264 1395 1547 1455 eiusdem
1594 1395 1829 1456 litteras
1875 1394 2260 1474 prefatorum
2301 1395 2598 1455 comitum
2645 1415 2857 1455 coram
2903 1396 3086 1456 nobis
3133 1397 3301 1458 exhi-

744 1502 968 1578 bend0,
1017 1503 1079 1564 id
1126 1503 1504 1563 sufficienter
1568 1503 2055 1581 comprobandO,
2125 1504 2383 1564 easdem
2438 1503 2628 1563 silvas
2675 1511 2738 1563 et
2799 1511 3000 1563 metas
3061 1503 3300 1582 prefate

744 1611 885 1671 ville
932 1611 1371 1672 Costhaneucz
1418 1619 1658 1686 vocate,
1705 1611 2000 1671 revisioni
2049 1611 2422 1671 honorabilis
2468 1611 2586 1670 viri
2632 1611 2866 1671 domini
2911 1611 3172 1692 Georgii
3219 1613 3296 1672 de

743 1719 1106 1795 Maroucha,
1155 1719 1439 1780 canonici
1484 1719 1648 1779 dicte
1696 1719 1959 1780 ecclesie
2009 1727 2220 1779 nostre
2265 1719 2728 1799 ZagrabiensiS,
2789 1720 3140 1796 Mychaelis
3198 1740 3298 1780 ca-

742 1828 985 1887 stellani
1026 1827 1220 1888 nostri
1266 1829 1345 1887 de
1390 1827 1698 1904 Ztopnyk,
1744 1826 2047 1904 Stephani
2093 1827 2199 1886 filii
2246 1827 2420 1901 Petk,
2454 1827 2694 1887 comitis
2725 1827 3052 1902 terrestri3‚
3100 1828 3299 1887 Bene-

743 1934 887 1994 dicti
935 1935 1214 2015 Iagnych
1282 1934 1446 2006 dicti,
1510 1934 1752 2015 Thome
1816 1934 2278 1994 Waskuseuich
2340 1933 2486 1994 dicti
2534 1942 2597 1994 et
2643 1933 2933 1994 Iohannis
2995 1936 3176 2013 parvi
3221 1936 3298 1996 de

741 2042 1011 2117 Babcza,
1062 2038 1215 2102 alias
1264 2040 1505 2102 comitis
1554 2040 1781 2118 Campi
1827 2040 2290 2122 ZagrabiensiS,
2337 2060 2451 2118 per
2495 2041 2771 2118 prefatas
2819 2049 3032 2120 partes
3078 2051 3300 2121 sponte

739 2149 1074 2227 assumptis
1122 2149 1505 2209 admittendo
1554 2155 1617 2207 et
1662 2148 1928 2207 eandem
1992 2147 2368 2207 revisionem
2414 2147 2595 2207 nobis
2643 2148 2705 2207 in
2753 2148 3028 2226 ipsorum
3083 2149 3299 2210 litteris

736 2257 1001 2316 fideliter
1046 2254 1530 2329 rescribendam,
1579 2273 1692 2333 per
1737 2273 1854 2314 nos
1901 2254 2122 2334 vigore
2153 2253 2460 2314 dictarum
2507 2255 2770 2314 aliarum
2800 2255 3144 2316 litterarum
3189 2277 3297 2316 no-

735 2373 1003 2425 strarum
1052 2363 1639 2425 adiudicatoriarum
1687 2363 1925 2422 eisdem
1958 2363 2376 2438 commissam,
2422 2371 2607 2441 prout
2655 2383 2729 2423 ex
2777 2365 2938 2424 serie
2987 2373 3050 2425 et
3080 2373 3296 2425 tenore

733 2473 1077 2534 litterarum
1122 2471 1542 2551 predictarum
1571 2471 1805 2530 domini
1853 2470 2112 2551 Georgii
2161 2471 2445 2531 canonici
2488 2471 2750 2532 ecclesie
2796 2481 3008 2532 nostre
3056 2475 3295 2553 Zagra-

730 2579 965 2640 biensis
1026 2579 1304 2658 predicte
1354 2597 1428 2638 ac
1473 2577 1821 2654 Mychaelis
1887 2578 2211 2637 castellani
2277 2579 2471 2637 nostri
2520 2579 2599 2638 de
2646 2580 2932 2657 Ztopnik,
2993 2581 3295 2658 Stephani

733 2687 975 2747 comitis
1022 2686 1351 2760 terrestriS,
1397 2685 1721 2746 Benedicti
1765 2685 2060 2765 Iagnycz,
2107 2687 2162 2744 T
2166 2686 2351 2744 home
2383 2687 2843 2746 Waskuseuich
2893 2695 2956 2747 et
3001 2689 3294 2748 Iohannis

731 2795 909 2873 parvi
956 2794 1035 2854 de
1082 2793 1350 2867 Babcza,
1396 2792 1673 2852 fidelium
1718 2800 2091 2866 nostrorum,
2139 2792 2254 2852 sub
2303 2792 2521 2872 sigillis
2550 2793 2830 2871 ipsorum
2862 2795 3074 2855 clause
3122 2815 3290 2856 ema-

733 2911 1023 2963 natarum
1070 2909 1133 2961 et
1180 2900 1359 2960 nobis
1420 2899 1983 2977 rescripcionaliter
2030 2899 2497 2974 destinatarum,
2561 2900 2887 2961 didicimus
2936 2910 2999 2961 et
3044 2921 3293 2980 compe-

730 3011 922 3070 rimus
970 3010 1313 3070 luculenter
1360 3027 1435 3067 ac
1481 3006 1808 3067 manifeste
1842 3007 2162 3080 contineri,
2210 3008 2524 3086 quomodo
2570 3008 2689 3086 ipsi
2735 3009 2906 3069 iuxta
2953 3019 3291 3086 contynen·

732 3119 892 3178 ciam
954 3117 1375 3196 predictarum
1440 3114 1701 3174 aliarum
1762 3113 2108 3173 litterarum
2169 3123 2522 3174 nostrarum
2595 3117 3181 3177 adiudicatoriarum
3231 3126 3294 3177 et

726 3233 1006 3286 nostrum
1068 3233 1433 3302 preceptum
1480 3242 1555 3282 ac
1602 3223 1985 3296 mandatum,
2057 3221 2211 3282 feria
2258 3233 2483 3301 quarta
2526 3225 2812 3302 proxima
2874 3234 3015 3303 post
3060 3225 3290 3285 testum

725 3333 1215 3411 Epiphaniarum
1262 3330 1511 3404 domini,
1559 3329 1839 3408 proxime
1868 3329 2248 3407 preteritum,
2297 3332 2378 3391 ad
2422 3330 2616 3402 facies
2645 3332 3064 3409 possessionis
3095 3333 3290 3410 ipsius

727 3440 959 3500 domini
1006 3438 1321 3498 Francisci
1369 3437 1755 3498 succentoris
1800 3438 2078 3516 predicte
2111 3437 2550 3498 Costhaneucz
2581 3447 2823 3514 vocate,
2871 3448 2935 3499 et
2981 3441 3061 3499 ad
3095 3458 3286 3518 quan-

726 3549 871 3607 dam
921 3547 1143 3606 silvam
1190 3546 1350 3606 intra
1408 3555 1608 3605 metas
1655 3546 1935 3605 eiusdem
2001 3546 2418 3623 possessionis
2467 3547 2700 3623 pariter
2763 3547 3180 3606 accessissent
3226 3556 3288 3606 et

724 3663 925 3714 metas
947 3654 1164 3732 ·ipsius
1213 3653 1369 3712 silve
1416 3653 1685 3732 litigiose
1734 3652 1905 3712 iuxta
1952 3652 2186 3711 dictum
2219 3661 2500 3711 nostrum
2545 3654 2909 3712 mandatum
2956 3653 3288 3734 diligenter

723 3761 1216 3840 investigassent
1262 3779 1338 3820 ac
1399 3759 1571 3819 iuxta
1632 3759 2112 3837 contynenciam
2177 3761 2570 3838 quarundam
2633 3761 2976 3820 litterarum
3035 3761 3284 3840 capituli

725 3869 989 3929 ecclesie
1034 3867 1479 3947 Zagrabiensis
1545 3865 2024 3946 privilegialium
2088 3866 2318 3926 ibidem
2367 3867 2762 3945 specietenus
2823 3869 3286 3946 productarurn,·

720 3977 784 4036 id
845 3985 907 4036 et
967 3976 1173 4036 taliter
1238 3975 1650 4053 reperissent:
1715 3975 1884 4054 quod
1945 3975 2146 4052 prima
2205 3983 2388 4034 meta.
2439 3975 2653 4054 incipit
2697 3975 2760 4034 in
2807 3976 3082 4054 quodam
3144 3977 3282 4036 loco

721 4079 1519 4161 Cralychynomoztysche⁸
1564 4089 1807 4154 vocat0,
1856 4089 1921 4140 et
1966 4082 2046 4141 ab
2089 4081 2234 4140 hinc
2264 4082 2664 4159 procedendo
2697 4081 2930 4142 directe
2977 4081 3039 4140 in
3084 4100 3282 4160 parvo

720 4191 934 4269 spacio
996 4189 1167 4249 venit
1214 4190 1295 4249 ad
1352 4188 1667 4267 quendam
1732 4188 1975 4248 riwlum
2039 4187 2388 4250 Crikouecz
2450 4189 2684 4250 dictum
2731 4197 2795 4248 et
2839 4208 2952 4267 per
3013 4191 3283 4250 eundem

720 4298 962 4358 riwlum
1011 4291 1413 4374 Crykouecz⁴
1460 4296 1619 4356 infra
1666 4297 1871 4355 eundo
1921 4296 2002 4355 ad
2048 4305 2292 4374 partem
2329 4297 2706 4356 orientalem
2753 4295 2817 4355 in
2862 4296 3029 4356 bono
3067 4297 3280 4376 spacio

716 4404 999 4484 pervenit
1046 4405 1127 4464 ad
1158 4405 1363 4464 locum
1396 4403 1796 4480 Lopathycza
1826 4411 2138 4476 vocatum,
2187 4411 2251 4462 et
2294 4403 2378 4462 ibi
2412 4404 2491 4463 ab
2539 4403 2812 4463 ulteriori
2844 4422 3147 4481 processu
3177 4405 3268 4483 ip·

718 4531 930 4572 sarum
962 4517 1270 4571 metarum
1319 4510 1700 4570 destitissent
1748 4529 1841 4585 e0,
1889 4511 2059 4588 quod
2103 4509 2178 4568 lis
2232 4509 2392 4570 inter
2421 4511 2593 4588 ipsas
2637 4519 2850 4589 partes
2896 4510 2960 4570 in
3005 4512 3280 4572 ulteriori

728 4628 907 4698 parte
955 4639 1080 4679 non
1126 4618 1504 4693 vertebatur,
1552 4617 1764 4697 sicque
1815 4618 1894 4677 ad
1940 4617 2303 4677 fidelitatem
2352 4618 2627 4696 ipsorum
2675 4619 2794 4678 deo
2843 4626 2905 4677 et
2949 4616 3128 4678 nobis
3176 4621 3281 4678 de·

721 4726 917 4787 bitam
980 4727 1328 4806 deligenter
1394 4726 1660 4786 eandem
1724 4726 1945 4784 silvam
2030 4745 2102 4785 ac
2181 4733 2382 4784 metas
2451 4727 2765 4803 predictas
2838 4725 3278 4802 conspiciendo

719 4835 1170 4914 diligenterque
1227 4834 1611 4911 inquirendO,
1661 4853 1787 4892 non
1833 4833 2004 4911 ipsos
2054 4842 2298 4892 actores
2354 4833 2712 4912 dictumque
2772 4833 3089 4893 dominum
3139 4853 3276 4892 suc-

713 4949 1029 5001 centorem
1077 4941 1485 5001 communiter
1554 4960 1948 5015 concernere,
1997 4942 2110 5000 sed
2158 4961 2196 5001 a
2243 4941 2424 5000 metis
2473 4949 2534 4999 et
2580 4941 3082 5019 possessionibus
3136 4961 3274 5020 pre·
