3917 5592
777 422 900 502 140

1951 642 2155 725 143.

979 855 1162 915 Anno
1220 853 1401 916 1395.
1459 853 1552 915 10.
1601 854 1765 916 iunii.

977 1049 1336 1129 Capitulum
1394 1050 1696 1111 ecclesiae
1758 1052 2223 1131 ZagrabiensiS,
2285 1053 2537 1114 Detrico
2578 1054 2805 1114 Bubek
2851 1055 3017 1115 bano
3064 1052 3319 1114 Sclauo-

764 1157 923 1232 niae,
998 1160 1164 1237 quod
1239 1158 1410 1218 iuxta
1487 1158 1849 1219 mandatum
1928 1160 2098 1240 regis
2174 1160 2586 1239 Sigismundi,
2664 1180 2777 1239 pro
2845 1170 3022 1241 parte
3100 1161 3325 1222 civium

762 1266 1361 1346 Montisgrechensis
1431 1274 1807 1341 emanatum,
1877 1286 2149 1327 unacum
2227 1269 2549 1348 Stephano
2596 1270 2721 1329 filio
2768 1269 3026 1330 Chernk
3070 1268 3323 1329 homine

762 1374 955 1454 regi0,
1001 1375 1298 1434 Ioannem
1360 1374 1680 1434 Lanceloti
1728 1375 2102 1435 canonicum
2168 1376 2663 1457 Zagrabiensem
2710 1377 2792 1437 ad
2838 1377 3215 1439 revisionem
3264 1384 3326 1436 et

761 1481 1315 1543 reambulationem
1362 1490 1668 1542 metarum
1739 1484 2156 1561 possessionis
2204 1484 2667 1562 praedictorum
2714 1484 2942 1545 civium
2990 1485 3323 1561 Hraschya

761 1566 1000 1664 vocate,
1063 1607 1102 1649 a
1167 1599 1344 1669 parte
1407 1590 1822 1668 possessionis
1883 1591 2185 1670 Stephani
2257 1599 2320 1651 et
2366 1592 2639 1652 Ladislai
2687 1592 2953 1651 filiorum
3000 1591 3322 1652 Benedicti

760 1715 834 1757 ac
895 1697 1185 1777 Gregorii
1245 1696 1351 1757 filii
1413 1697 1760 1774 Mychaelis
1825 1699 1904 1758 de
1953 1697 2130 1758 Odra
2176 1698 2467 1773 misisset,
2538 1700 2643 1777 qui
2714 1701 2981 1760 eandem
3031 1698 3317 1759 reambu-

757 1804 1010 1879 lassent,
1059 1804 1172 1864 sed
1234 1823 1376 1863 cum
1423 1804 1485 1863 in
1531 1804 1683 1865 loeis
1751 1813 1950 1865 metas
2000 1806 2243 1886 erigere
2294 1814 2356 1865 et
2402 1806 2641 1866 eisdem
2688 1807 2925 1890 civibus
2975 1806 3321 1884 relinquere

756 1912 1115 1988 voluissent,
1183 1911 1556 1972 Laurentius
1631 1920 1836 1972 rector
1908 1912 2217 1973 ecclesiae
2286 1914 2488 1974 sancti
2557 1913 2816 1995 Georgii
2887 1915 2965 1974 de
3036 1890 3214 1973 Odra
3260 1921 3322 1973 et

759 2019 1072 2101 Georgius
1116 2018 1436 2079 familiaris
1483 2019 1909 2101 praefatorum
1953 2020 2257 2099 Stephani
2301 2028 2363 2080 et
2394 2021 2667 2081 Ladislai
2700 2022 2965 2083 filiorum
2996 2020 3318 2081 Benedicti

757 2146 832 2188 ac
878 2127 1168 2209 Gregorii
1230 2127 1336 2187 filii
1408 2128 1756 2204 Mychaelis
1803 2130 1880 2188 de
1930 2127 2124 2204 Odra,
2172 2128 2235 2188 in
2279 2130 2565 2207 personis
2613 2130 2953 2190 eorundem
3000 2128 3318 2207 Stephani,

755 2234 1026 2295 Ladislai
1096 2234 1115 2294 i
1177 2233 1467 2315 Gregorii
1529 2235 1883 2295 huiusmodi
1954 2244 2265 2295 metarum
2316 2237 2733 2297 erectionibus
2784 2237 3319 2309 contradixissent,

752 2362 910 2421 quos
978 2342 1267 2402 videlicet
1333 2342 1740 2420 Stephanum,
1817 2344 2178 2404 Ladislaum
2251 2352 2313 2403 et
2381 2344 2757 2424 Gregorium
2830 2346 2911 2405 ad
2971 2346 3318 2424 quindenas

749 2450 991 2511 sabbati
1040 2450 1302 2529 proximi
1348 2459 1488 2528 post
1531 2450 1761 2510 festum
1807 2452 2256 2513 penthecostes
2304 2451 2553 2527 domini,
2588 2454 2649 2513 in
2698 2454 2840 2513 bani
2889 2454 3314 2533 praesentiam

755 2559 1068 2634 citassent,
1116 2557 1324 2617 refert.

961 2698 1202 2754 loannes
1238 2698 1481 2762 name,
1519 2697 1666 2753 Mon.
1705 2699 1834 2753 hist.
1874 2672 2025 2754 civiti
2064 2700 2371 2769 Zagrabiae
2415 2701 2451 2754 1.
2492 2698 2613 2754 355.
2674 2730 2721 2737 -
2770 2698 3055 2768 originale
3098 2700 3318 2753 charta-

751 2804 930 2844 ceum.
969 2790 1014 2843 Α
1054 2792 1208 2857 tergo
1248 2787 1501 2857 appi-essi
1528 2784 1704 2856 'sigilli
1746 2788 2061 2858 vestigium.
2103 2791 2161 2843 In
2202 2789 2436 2843 archivo
2476 2789 2628 2844 civit.
2666 2789 2990 2857 Zagrabiac.
3302 2781 3309 2789 ’

1939 3071 2143 3142 144.

961 3274 1144 3333 Anno
1202 3270 1384 3334 1395.
1443 3270 1538 3335 10.
1587 3273 1753 3334 iunii.

959 3468 1317 3548 Capitulum
1379 3470 1682 3531 ecclesiae
1751 3468 2215 3550 ZagrabiensiS,
2266 3469 2516 3531 Detrico
2565 3470 2785 3530 Bubek
2832 3470 2998 3531 bano
3046 3471 3302 3532 Sclauo-

743 3576 902 3653 niae,
977 3578 1145 3656 quod
1223 3579 1304 3637 ad
1379 3579 1744 3638 mandatum
1816 3578 2203 3657 Sigismundi
2288 3579 2655 3659 Hungariae
2734 3588 2847 3638 ete.
2928 3579 3116 3659 regiS,
3194 3598 3308 3657 pro

742 3694 920 3763 parte
1004 3684 1235 3744 civium
1319 3685 1876 3765 Montisgrecensis
1964 3693 2324 3745 emanatum
2344 3732 2357 3759 ‚
2426 3704 2699 3745 unacum
2784 3686 3105 3764 Stephano
3181 3686 3307 3745 filio

744 3791 1000 3851 Chernk
1047 3792 1126 3852 de
1175 3792 1497 3852 Koznicha
1543 3792 1792 3853 homine
1842 3794 2036 3873 regiO,
2084 3794 2425 3853 Iohannem
2456 3793 2775 3853 Lanceloti
2816 3793 3307 3853 concanonicum

743 3899 1018 3978 ipsorum
1068 3900 1148 3959 ad
1181 3900 1664 3962 reambulandas
1697 3908 1760 3960 et
1792 3901 2129 3981 erigendas
2160 3909 2361 3962 metas
2395 3901 2811 3979 possessionis
2845 3902 3305 3979 praedictorum

745 4005 970 4066 civium
1018 4007 1354 4067 Petrouina
1401 4015 1664 4068 vocatae
1731 4008 2020 4083 misisset,
2068 4009 2172 4087 qui
2221 4009 2488 4068 eandem
2536 4028 2575 4068 a
2643 4016 2820 4086 parte
2890 4008 3305 4087 possessionis

743 4114 1017 4174 Ladislai
1061 4114 1168 4175 filii
1231 4114 1556 4189 Valentini,
1621 4115 1799 4175 Pauli
1845 4116 1952 4176 filii
2000 4116 2187 4191 Petri,
2234 4116 2477 4176 Nicolai
2524 4116 2630 4176 filii
2678 4116 2862 4175 Nouk
2912 4124 2973 4175 et
3020 4114 3302 4193 Dyonisii

743 4220 848 4281 filii
908 4222 1074 4305 Petri
1137 4223 1214 4282 de
1278 4222 1768 4299 Alsolumnycha
1835 4223 2349 4297 reambulassent,
2421 4224 2534 4283 sed
2583 4243 2726 4283 cum
2771 4222 2835 4282 in
2882 4223 3034 4283 locis
3082 4243 3299 4284 neces-

742 4328 922 4391 sariis
969 4338 1169 4390 metas
1218 4330 1463 4411 erigere
1513 4339 1574 4391 et
1621 4330 1801 4391 dictis
1849 4332 2089 4392 civibus
2139 4332 2487 4410 relinquere
2538 4332 2896 4405 voluissent,
2944 4340 3092 4391 tunc
3122 4352 3301 4411 prae-

742 4436 886 4497 dicti
955 4436 1303 4512 LadislauS,
1377 4438 1628 4511 PauluS‚
1699 4439 1998 4500 Nicolaus
2069 4448 2132 4499 et
2198 4438 2536 4516 Dyonisuis
2608 4440 2669 4499 in
2736 4440 2865 4498 suis
2929 4460 3003 4499 ac
3046 4440 3304 4500 fratrum

743 4564 995 4604 suorum
1056 4545 1119 4604 in
1184 4545 1486 4623 personiS,
1533 4546 1890 4608 huiusmodi
1948 4556 2257 4607 metarum
2305 4546 2719 4607 erectiombus
2768 4548 3303 4623 contradixissent,

741 4671 898 4731 quos
960 4668 1178 4712 omnes
1249 4654 1329 4713 ad
1375 4654 1724 4733 quindenas
1771 4656 1966 4717 feriae
2022 4663 2237 4715 sextae
2300 4656 2621 4735 proximae
2668 4665 2813 4733 post
2862 4652 3096 4716 festum
3145 4658 3300 4716 Peu-

741 4761 1072 4835 thecosteS,
1121 4760 1182 4820 in
1227 4748 1651 4840 praesentiam
1696 4764 1841 4823 bani
1890 4764 2204 4837 citassent,
2251 4763 2463 4823 refert:

953 4902 1194 4955 loannes
1231 4900 1472 4970 Tkaleic,
1512 4902 1658 4957 Mon.
1699 4902 1826 4956 hist.
1855 4902 2005 4957 civit.
2045 4903 2351 4970 Zagrabiae
2396 4902 2433 4956 1.
2476 4902 2597 4957 357.
2650 4931 2714 4941 —
2756 4900 3040 4971 Originale
3078 4904 3297 4959 charta-

739 5006 919 5059 ceum,
965 5006 1000 5043 a
1038 4996 1190 5057 tergo
1231 4992 1528 5059 vestigium
1568 4992 1733 5059 sigilli
1773 4993 2014 5062 appi-esi.
2056 4994 2113 5047 ln
2154 4993 2387 5047 archivo
2428 4993 2575 5047 civit.
2618 4994 2940 5060 Zagrabiae.
