3917 5592
3068 465 3157 529 35

809 676 1092 747 Originale
1150 680 1596 739 membraneum.
1652 680 1694 735 E
1741 695 1887 733 zona
1926 660 2141 733 sericea
2194 678 2346 735 rubri
2388 678 2593 734 coloris
2649 680 2856 749 pendet
2894 679 3155 747 sigillum.

592 768 653 821 In
693 766 835 822 cista
871 767 1295 823 communitatis
1333 770 1465 824 nob.
1504 769 1572 823 de
1610 769 1710 823 Inf.
1749 768 2041 826 Lomnica.
3064 788 3069 791 ·

817 948 830 975 ¹
868 948 932 1001 111
986 947 1097 1001 hoc
1137 947 1396 1017 originali
1455 948 1794 1002 documento
1841 953 2175 1002 occurentes
2233 948 2699 1019 singulariterque
2738 950 2891 1004 infra
2942 950 3159 1020 specili-

591 1040 752 1093 catae
809 1038 1126 1107 scalpturae
1182 1039 1236 1090 et
1273 1040 1642 1103 correcturae,
1701 1037 1898 1091 eadem
1941 1052 2132 1105 manu,
2171 1052 2283 1107 qua
2320 1038 2589 1107 scriptum
2628 1040 2715 1093 est
2756 1038 3155 1094 documentum

591 1128 773 1185 factae
811 1142 936 1181 esse
973 1128 1264 1196 apparent,
1305 1128 1503 1195 utputa
1527 1125 1587 1180 in
1613 1125 1952 1180 cancellaria
1990 1126 2238 1195 capituli,
2278 1126 2521 1196 ideoque
2558 1128 2699 1182 haec
2734 1128 3157 1184 circumstantia

591 1216 800 1273 nullius
837 1214 1078 1270 minoris
1115 1214 1329 1270 valoris
1389 1230 1659 1285 praesens
1699 1216 2103 1270 documentum
2143 1216 2291 1272 facit.
2389 1217 2409 1246 ²
2446 1217 2729 1287 Scriptum
2750 1234 2941 1288 ,supra
2976 1219 3156 1288 scalp-

593 1309 734 1363 tura.
805 1307 869 1360 111
925 1304 1114 1359 medio
1165 1304 1364 1375 scalpti
1421 1304 1646 1359 termini
1685 1305 1834 1359 clare
1889 1308 2045 1374 patet
2082 1306 2324 1360 litteram
2372 1305 2473 1375 ‚,g“
2530 1306 2801 1367 extitisse,
2863 1310 2918 1362 et
2955 1312 3157 1384 cuncta

591 1396 824 1450 verbum
867 1394 1252 1463 „vigilibu
1276 1394 1338 1449 s“
1377 1394 1470 1448 hic
1510 1393 1781 1462 originale
1819 1394 2011 1463 fuisse,
2050 1394 2319 1451 indicant.
2358 1395 2627 1450 Similiter
2662 1400 2818 1465 patet
2855 1397 2914 1450 in
2952 1399 3155 1453 eodem

591 1483 833 1541 termino
891 1484 1123 1539 inferius
1178 1484 1389 1553 pluries
1450 1483 1780 1538 occurrenti.
1875 1484 1894 1513 ³
1932 1483 2229 1553 Scalptura
2286 1485 2569 1540 mediante
2615 1503 2645 1540 e
2686 1488 2858 1541 verbo
2916 1486 3155 1557 ,‚castri“

591 1575 926 1638 confectum,
965 1574 1118 1644 quod
1155 1574 1302 1629 clare
1339 1578 1510 1643 patet.
1586 1574 1607 1603 ⁴
1645 1573 1741 1628 sic.
1820 1575 1838 1601 ⁵
1876 1572 1977 1628 sic.
2054 1576 2073 1603 ⁸
2110 1574 2207 1629 sic.
2285 1576 2304 1603 ⁷
2330 1575 2559 1644 Scalpto
2597 1578 2772 1631 verbo
2812 1576 3154 1648 „vig]iles“

591 1664 877 1735 scriptum.
955 1663 1290 1733 ⁸·Scalptura
1317 1663 1603 1717 mediante
1633 1679 1664 1715 e
1694 1663 1868 1717 verbo
1909 1662 2205 1731 „castri“
2242 1664 2579 1723 confectum,
2619 1666 2768 1734 quod
2797 1666 2945 1719 clare
2982 1668 3153 1735 patet.

595 1756 615 1783 ⁹
649 1754 877 1823 Scalpto
932 1755 1108 1809 verbo
1163 1752 1573 1822 „vigilum“
1625 1752 1909 1821 scriptum.
2014 1753 2055 1781 ¹⁰
2090 1754 2319 1823 Scalpto
2356 1756 2531 1817 verbo
2588 1754 2827 1823 „castri“
2866 1755 3152 1825 scriptum⁸

590 1845 740 1914 quod
787 1845 935 1899 clare
971 1847 1141 1913 patet.
1223 1842 1496 1911 '‘Scalpto
1535 1842 1710 1897 verbo
1748 1840 1948 1911 „vigi
1973 1843 2043 1897 lu
2064 1843 2156 1899 m“
2206 1843 2493 1913 scriptum.
2577 1844 2615 1873 ¹²
2654 1843 2949 1918 Scalptura
2986 1845 3145 1900 verbi

590 1933 828 2005 „castri“
885 1932 1186 2003 mediante,
1225 1929 1514 2004 scriptum.
2688 1944 2694 1952 ·

1798 2200 1854 2271 3
1871 2201 1912 2268 1
1927 2249 1944 2269 .

805 2349 990 2409 Anno
1049 2348 1230 2411 1279.
1778 2364 1782 2369 ’

599 2508 860 2607 Coram·
919 2502 1222 2627 capitulo
1291 2544 1612 2609 ecclesiae
1680 2544 2201 2631 Zagrabietzsc'S,
2273 2518 2543 2607 Paulus
2607 2543 2817 2628 filius
2870 2497 3147 2627 Oporis‘,

596 2652 854 2717 terram
909 2670 1114 2715 suam
1195 2651 1257 2716 T
1251 2650 1582 2735 opoloech,
1662 2651 1888 2717 tribus
1943 2650 2207 2716 marcis
2260 2650 2604 2736 Stephano
2642 2650 2806 2736 filio
2874 2650 3155 2717 Wlkona

1365 2762 1431 2823 et
1459 2758 1823 2844 fratribus
1867 2759 2045 2836 sui-9,
2092 2756 2379 2823 vendit.¹

808 2957 1166 3037 Capitulum
1215 2960 1477 3021 ecclesie
1545 2961 1993 3041 Zagrabiensis
2042 2962 2329 3021 omnibus
2399 2979 2661 3041 presens
2710 2958 3008 3041 scripturn
3063 2958 3152 3019 in-

595 3065 898 3144 specturis
961 3067 1226 3126 salutem
1273 3068 1334 3127 in
1382 3068 1649 3130 domino.
1743 3068 1846 3129 Ad
1892 3069 2328 3129 Vniuersorum
2392 3067 2686 3128 noticiam
2732 3076 2951 3127 tenore
3014 3086 3152 3146 pre-

595 3174 873 3234 sencium
919 3176 1208 3235 uolumus
1253 3176 1599 3254 peruenire,
1648 3179 1817 3257 quod
1863 3178 2059 3239 Paulo
2106 3176 2231 3238 fflio
2273 3176 2503 3254 Oporis
2552 3176 2630 3236 ab
2678 3195 2807 3235 una
2854 3182 3049 3253 parte,
3099 3185 3161 3236 et

593 3282 912 3360 Stephano
955 3282 1083 3351 filio
1129 3284 1405 3350 Wlkona
1449 3303 1564 3362 pro
1611 3304 1678 3345 se
1728 3292 1790 3344 et
1834 3284 2128 3349 fratribus
2176 3282 2305 3347 suis
2355 3283 2565 3343 Blasio
2600 3290 2661 3343 et
2692 3283 2913 3347 Marco
2960 3282 3156 3345 nomi=

593 3366 771 3463 natis,
849 3384 1318 3469 iobagionibus²
1389 3386 1624 3469 campi³
1692 3393 1770 3451 de
1840 3390 2187 3455 Lomnicha
2256 3392 2335 3451 ab
2403 3392 2614 3465 altera,
2688 3410 2901 3450 coram
2970 3390 3151 3451 nobis

593 3497 1001 3575 personaliter
1055 3498 1420 3574 constitutiS,
1489 3500 1658 3559 idem
1704 3501 1859 3559 Paul
1931 3498 2257 3559 confessus
2306 3506 2402 3558 est
2449 3518 2517 3558 se
2584 3498 2901 3577 quandam
2968 3498 3154 3577 parti-

594 3606 797 3665 culam
842 3613 1008 3666 terre
1055 3625 1169 3666 sue
1214 3606 1588 3667 hereditarie
1653 3608 2015 3687 Topoloech
2064 3616 2305 3681 uocate,
2356 3607 2724 3666 existentem
2792 3606 2952 3666 inter
2999 3606 3156 3665 duas

593 3732 790 3792 aquas
837 3714 1180 3774 Lomnicha
1227 3723 1290 3774 et
1319 3714 1653 3775 Chemech
1699 3716 2071 3790 nominatam,
2120 3714 2477 3776 uendidisse
2528 3722 2591 3774 et
2635 3713 2967 3773 tradidisse
3015 3734 3158 3773 curn

590 3819 877 3880 omnibus
947 3821 1308 3882 vtilitatibus
1379 3822 1510 3882 suis
1558 3830 1620 3882 et
1665 3822 2083 3901 pertinenciiS,
2154 3823 2475 3901 Stephano
2548 3821 2861 3880 antedicto
2910 3830 2971 3880 et
3025 3820 3155 3880 suis

589 3927 882 3988 fratribus
949 3930 1415 4007 prenominatiS‚
1488 3940 1550 3991 et
1620 3950 1734 4010 per
1781 3950 1890 3991 eos
1961 3930 2186 4010 quibus
2262 3929 2510 4007 expedit
2556 3930 2619 3988 in
2674 3928 2968 4002 futurum,
3038 3948 3155 4008 pro

587 4035 785 4096 tribus
859 4037 1084 4097 marcis
1156 4038 1556 4099 denariorum
1615 4038 1950 4113 banalium‚
2024 4039 2156 4098 iure
2218 4045 2522 4116 perpetuo
2590 4035 3037 4115 possidendam
3094 4046 3157 4096 et

588 4144 961 4219 habendam,
1008 4164 1168 4224 quas
1215 4166 1284 4205 se
1333 4146 1484 4206 dixit
1529 4146 1846 4224 predictus
1888 4146 2046 4205 Paul
2094 4146 2172 4205 ab
2221 4146 2445 4204 eodem
2490 4144 2813 4222 Stephano
2859 4143 3156 4204 habuisse

590 4258 651 4310 et
695 4252 975 4330 plenarie
1022 4253 1354 4332 recepisse,
1381 4246 1741 4334 'obligando
1789 4252 2224 4313 nichilominus
2256 4271 2324 4311 se
2357 4252 2715 4329 sepedictus
2764 4252 2923 4311 Paul
2969 4271 3154 4330 expe-

588 4359 859 4420 diturum
919 4360 1314 4440 Stephanum
1376 4370 1439 4422 et
1497 4361 1722 4421 fratres
1791 4380 1941 4421 suos
2011 4360 2495 4440 prenominatOS,
2568 4360 2648 4419 ab
2708 4359 2893 4433 omni,
2964 4379 3156 4438 quarn

587 4466 836 4528 racione
911 4469 1163 4530 uendite
1231 4478 1396 4529 terre
1463 4478 1682 4529 eontra
1751 4470 2009 4529 eosdem
2080 4468 2227 4528 oriri
2282 4469 2382 4527 uel
2450 4466 2691 4527 moueri
2760 4468 3152 4546 contingeret
3197 4476 3203 4478 ’

586 4574 927 4655 questione,
974 4574 1240 4655 propriis
1287 4576 1606 4637 laboribus
1640 4584 1702 4637 et
1735 4574 2044 4655 expensis
2095 4575 2443 4635 Astiterunt
2490 4574 2687 4634 eciam
2740 4574 3153 4633 commetanei

586 4693 648 4744 et
693 4683 879 4744 uicini
925 4692 1088 4745 terre
1121 4685 1389 4759 uendite,
1437 4685 1729 4745 videlicet
1761 4685 2001 4745 Dazlou
2048 4684 2243 4743 frater
2282 4683 2567 4743 eiusdem
2614 4682 2792 4741 Pauli
2826 4689 2888 4741 et
2919 4681 3154 4747 Tolias‚

585 4790 688 4869 qui
734 4790 898 4851 facte
945 4792 1298 4852 uendicioni
1328 4800 1390 4852 et
1418 4792 1726 4871 empcioni
1773 4812 1958 4852 suum
1998 4791 2384 4870 prebuerunt
2409 4808 2807 4849 ⁴consensum
2839 4796 2901 4849 et
2933 4807 3151 4849 assen-

584 4916 739 4958 sum.
787 4897 983 4959 Cuius
1015 4900 1268 4979 quidem
1313 4908 1477 4961 terre
1509 4908 1693 4976 meta,
1742 4899 1901 4961 sicut
1933 4906 2147 4979 partes
2192 4895 2377 4959 nobis
2410 4897 2754 4958 retulerunt
2793 4896 2901 4956 tali
2930 4896 3145 4956 ordine
3222 4890 3227 4895 ’

584 5006 992 5091 distingiturz-
1037 5008 1326 5073 videlicet
1370 5008 1572 5095 prima
1641 5015 1810 5074 meta
1834 5007 2077 5094 ,incipit
2124 5027 2161 5069 a
2206 5014 2385 5093 parte
2450 5004 2805 5079 occidentiS,
2878 5005 2984 5065 ubi
3058 5014 3155 5066 est

2972 5162 3005 5207 s
