3917 5592
3037 478 3160 541 195

592 697 848 758 dendaS.
896 696 1127 756 Datum
1173 694 1505 775 Zagrabie,
1552 702 1779 754 octavo
1826 692 1927 753 die
1974 693 2114 752 festi
2162 694 2332 753 beati
2379 694 2632 753 Andree
2666 694 2948 773 apostoli,
2978 713 3146 755 anno

550 794 553 797 ’
598 802 828 863 domini
877 802 1203 863 millesimo
1252 795 1517 863 CCCC⁰
1565 800 1870 880 vigesimo
1918 808 2161 879 quarto.

813 959 1097 1029 originale.
1135 959 1581 1020 membraneum,
1621 974 1657 1013 a
1693 974 1839 1013 zona
1888 959 2066 1011 rubea
2103 957 2318 1012 sericea
2374 957 2584 1027 pendet
2639 957 2912 1029 sigillum,
2949 959 3008 1013 in
3049 976 3161 1028 quo

600 1052 834 1118 apparet
870 1049 1055 1116 arbor,
1092 1047 1152 1101 in
1192 1064 1304 1116 qua
1340 1047 1465 1101 avis
1504 1047 1677 1114 sedet,
1716 1063 1888 1116 supra
1925 1062 2096 1115 quam
2134 1063 2170 1099 a
2190 1046 2420 1102 sinistra
2457 1048 2636 1111 stella,
2676 1063 2713 1102 a
2735 1048 2932 1102 dextra
2970 1053 3160 1103 autem

600 1141 759 1206 parte
816 1136 1145 1191 decrescens
1204 1135 1357 1205 luna,
1414 1136 1602 1205 posita
1640 1151 1765 1191 esse
1822 1136 2038 1190 visitur.
2103 1134 2478 1190 Circumcirca
2514 1136 2730 1205 legitur,
2798 1136 2834 1205 †
2873 1137 2927 1190 S.
2981 1138 3047 1191 M.
3105 1137 3162 1191 F.

592 1223 763 1281 {VAN
811 1225 1025 1281 cols..
1139 1267 1149 1279 .
1181 1267 1232 1279 ..
1272 1224 1570 1293 S[igillum]
1613 1224 1824 1294 M[arci]
1865 1224 2012 1295 mlii]
2055 1226 2192 1279 Ivan
2236 1225 2504 1295 co[mit]is
2536 1266 2547 1280 .
2577 1268 2588 1280 .
2616 1268 2628 1281 .
2670 1226 2728 1280 ln
2767 1228 2920 1281 arch.
2968 1227 3162 1281 accad.

600 1316 795 1371 scient.
836 1316 1052 1371 Slavor.
1097 1314 1290 1369 merid.
1329 1313 1653 1383 Zagrabiae.

1773 1596 1991 1670 202.
2049 1559 2074 1583 ’

808 1802 991 1862 Anno
1048 1799 1233 1875 1425,
1291 1798 1385 1861 13.
1434 1799 1714 1859 ianuarii.
1763 1800 2136 1879 Zagrabiae.

600 1997 853 2061 Coram
903 1994 1315 2059 Baithasare
1360 1993 1731 2059 castellano
1776 1994 1859 2058 de
1904 1994 2152 2059 Medue
2197 2000 2260 2059 et
2309 1995 2556 2057 comite
2607 1993 2854 2077 Campi
2900 1994 3162 2079 Zagra-

590 2104 857 2168 biensis
928 2124 1009 2167 ac
1056 2102 1299 2167 Marco
1333 2100 1495 2185 filio
1559 2101 1755 2166 Iwan
1818 2104 2067 2167 comite
2127 2104 2445 2167 terrestri
2512 2101 2822 2165 eiusdem
2891 2101 3160 2185 Campi,

593 2210 995 2274 Damianus
1030 2208 1243 2292 filius
1288 2208 1587 2273 Fabiani
1632 2208 1714 2273 de
1762 2208 1977 2286 Infer.
2025 2208 2472 2293 Lompnicha,
2507 2207 2688 2272 duas
2720 2208 2944 2272 dietas
2977 2212 3163 2273 terae

591 2317 820 2381 tribus
850 2316 1153 2401 florenis
1202 2314 1557 2380 Anthonio
1604 2320 1668 2380 et
1732 2316 1999 2382 Vrbano
2061 2318 2143 2383 de
2202 2317 2436 2382 eadem
2500 2314 2638 2400 Ins.
2705 2314 3154 2393 Lompnicha,

1746 2425 2001 2490 vendit.

803 2625 936 2685 Nos
982 2626 1315 2686 Balthasar
1362 2626 1737 2686 castellanus
1786 2625 1865 2684 de
1928 2624 2163 2684 Medue
2227 2634 2290 2684 et
2353 2643 2565 2684 comes
2627 2623 2856 2701 Campi
2917 2625 3154 2703 Zagra-

586 2732 823 2793 biensis
872 2742 935 2793 et
980 2735 1235 2793 Marcus
1311 2732 1474 2793 filius
1522 2733 1696 2793 Iwan
1744 2753 1955 2793 comes
2026 2733 2334 2793 terrestris
2406 2734 2485 2791 de
2557 2734 2782 2792 eodem
2856 2731 3156 2791 memorie

590 2841 1101 2901 commendantes
1133 2848 1349 2901 tenore
1397 2839 1791 2919 presencium
1824 2840 2254 2920 significamus
2288 2839 2514 2918 quibus
2547 2838 2798 2917 expedit
2827 2822 3156 2913 uni'versiS,

587 2949 757 3028 quod
804 2948 1147 3035 Damianus
1195 2948 1355 3007 filius
1403 2948 1680 3021 Fabiani,
1728 2948 1950 3008 nobilis
1976 2947 2230 3027 iobagio
2279 2946 2466 3007 castri
2515 2948 2592 3007 de
2617 2947 2896 3007 Inferiori
2927 2948 3158 3025 Lomp-

591 3056 779 3116 nicha
804 3056 889 3115 ad
920 3064 1199 3115 nostram
1246 3056 1656 3133 personaliter
1681 3056 1988 3115 veniendo
2035 3054 2444 3133 presenciam,
2493 3055 2817 3115 confessus
2866 3055 3062 3115 extitit
3093 3056 3157 3114 in

592 3163 757 3222 hunc
802 3164 1074 3238 modum,
1123 3172 1190 3221 ut
1236 3163 1368 3239 ipse
1402 3163 1719 3241 quandam
1752 3171 1986 3221 terram
2019 3182 2199 3222 suam
2233 3162 2531 3222 arabilem
2562 3163 2770 3221 Parua
2802 3161 3155 3222 Crachicha

590 3278 897 3343 vocatam,
946 3270 1008 3329 in
1054 3269 1361 3329 territorio
1409 3271 1486 3329 de
1534 3270 1815 3347 predicta
1860 3269 2141 3330 Inferiori
2209 3269 2612 3348 Lompnicha,
2660 3270 2949 3330 videlicet
2993 3270 3153 3329 inter

590 3386 792 3437 terras
841 3377 1058 3453 Kyrini
1106 3377 1211 3436 filii
1281 3378 1545 3457 Philippi
1617 3387 1680 3437 et
1747 3377 2040 3454 Symonis
2111 3378 2216 3438 filii
2286 3377 2577 3457 Gregorii
2640 3396 2714 3437 ac
2783 3377 2976 3437 Blasii
3043 3377 3150 3437 filii

587 3483 845 3564 Georgii
890 3484 999 3544 filii
1043 3484 1285 3544 Nicolai
1330 3486 1437 3545 filii
1483 3485 1671 3545 Nouk
1717 3486 1825 3545 filii
1872 3485 2090 3560 Marci,
2137 3485 2435 3546 nobilium
2483 3487 2561 3546 de
2611 3486 2835 3546 eadem
2866 3485 3147 3545 habitam

588 3599 651 3652 et
697 3592 1082 3666 existentem,
1132 3593 1289 3653 duas
1334 3593 1533 3653 dietas
1581 3594 1736 3653 citra
1781 3594 1845 3652 in
1893 3614 1962 3654 se
2011 3595 2449 3669 continentem,
2498 3594 2672 3654 cuius
2705 3594 2958 3673 quidem
2988 3603 3153 3653 terre

591 3700 875 3780 superior
918 3701 1061 3761 finis
1107 3710 1339 3761 terram
1386 3704 1554 3762 Petri
1601 3702 1708 3762 filii
1740 3702 1918 3762 Pauli
1966 3702 2114 3763 dicti
2145 3703 2384 3783 Vrdug,
2418 3702 2826 3763 Iarchenicha
2855 3709 3148 3762 vocatam

593 3808 674 3867 ad
720 3808 976 3888 plagam
1024 3809 1492 3869 meridionalem
1540 3810 1940 3890 pertingeret,
1990 3810 2242 3870 inferior
2287 3830 2440 3870 vero
2488 3794 2628 3871 sinis
2676 3810 2959 3870 eiusdem
2986 3818 3151 3871 terre

589 3915 1016 3975 convicinatur
1086 3915 1333 3976 cuidam
1382 3926 1543 3978 terre
1590 3918 1852 3995 pretacti
1900 3917 2190 3977 Damiani
2256 3917 2362 3977 filii
2431 3917 2690 3978 Fabiani
2762 3918 2844 3977 ad
2911 3925 3155 3996 partem

589 4023 1177 4101 septemtrionalem,
1226 4024 1430 4101 ipsum
1494 4025 1752 4086 iuridice
1800 4032 2299 4098 concernentem,
2349 4025 2529 4084 simul
2578 4044 2720 4084 cum
2766 4024 3153 4099 utilitatibus,

590 4131 995 4209 proventibus
1062 4140 1124 4190 et
1171 4132 1567 4209 pertinenciis
1641 4134 1923 4193 eiusdem
1991 4142 2155 4192 terre
2225 4132 2550 4207 universi8‚
2598 4128 2954 4193 Anthonio
2989 4128 3153 4212 filio

587 4235 784 4299 Petri
829 4256 911 4299 ac
969 4233 1271 4299 Vrbano¹
1318 4236 1443 4299 filio
1492 4236 1705 4301 Pauli
1740 4236 1895 4321 filii
1944 4236 2195 4301 Petrus
2225 4236 2308 4301 de
2353 4235 2586 4301 eadem
2633 4238 2698 4300 et
2745 4240 2823 4299 de
2871 4238 3152 4317 predicta

587 4346 865 4405 Inferiori
910 4347 1313 4424 Lompnicha,
1359 4367 1473 4425 pro
1503 4348 1701 4407 tribus
1746 4348 2000 4409 florenis
2035 4349 2186 4423 auri,
2219 4348 2400 4427 plene
2433 4348 2520 4406 uti
2551 4347 2757 4407 retulit
2803 4348 2881 4407 ab
2916 4346 3156 4406 eisdem

586 4454 813 4512 habitis
862 4462 924 4513 et
970 4454 1235 4532 receptis
1283 4456 1681 4529 vendidisset,
1751 4455 2112 4516 tradidisset
2182 4464 2244 4515 et
2314 4455 2718 4534 assignasset,
2788 4472 3000 4531 ymmo
3078 4474 3154 4513 ex

591 4581 901 4621 consensu
950 4560 1255 4622 dictorum
1324 4562 1670 4622 vicinorum
1717 4563 2013 4638 vendidit,
2061 4562 2313 4623 tradidit
2384 4572 2446 4621 et
2515 4562 2865 4643 assignavit
2935 4580 3147 4621 coram

590 4670 769 4729 nobis
816 4669 932 4729 sibi
980 4676 1043 4728 et
1087 4689 1200 4748 per
1247 4689 1356 4729 eos
1404 4690 1659 4731 suorum
1715 4672 2052 4731 heredibus
2101 4672 2232 4731 iure
2297 4680 2599 4749 perpetuo
2649 4678 2712 4730 et
2774 4670 3148 4730 irrevocabi-

590 4777 729 4836 liter
774 4776 1238 4854 possidendam,
1287 4779 1625 4849 tenendam
1672 4778 1905 4856 pariter
1936 4788 1999 4839 et
2027 4779 2402 4852 habendam,
2437 4796 2840 4857 asumpmens
2874 4776 3152 4855 prefatus

596 4884 939 4943 Damianus
976 4863 1388 4943 memoratum
1438 4881 1872 4947 Anthonium
1906 4896 1970 4945 et
2001 4896 2258 4947 cunctos
2307 4906 2455 4945 suos
2486 4886 2752 4945 heredes
2786 4884 2848 4943 in
2881 4858 3155 4943 dominio

593 4991 753 5051 dicte
800 5000 965 5070 terre
1014 4999 1230 5049 contra
1277 4992 1585 5070 quoslibet
1630 4993 1984 5073 illegitimos
2031 4994 2414 5073 impetitores
2462 5000 2676 5053 tenere
2723 5000 2787 5052 et
2819 4975 3150 5051 defensare

2938 5126 2974 5165 ἡ
