3917 5592
3021 442 3150 504 315

594 659 761 719 ensis
808 660 886 719 de
934 659 1211 728 Inferiori
1256 660 1674 738 Lompnycza,
1734 661 1813 720 de
1860 680 2126 740 quorum
2174 660 2416 720 noticiis
2478 659 2909 739 personalibus
2955 661 3148 719 hono-

594 767 805 827 rabilis
836 767 931 827 vir
978 768 1280 848 magister
1310 769 1683 828 Franciscus
1714 770 1792 828 de
1826 767 2057 843 Othok,
2105 769 2312 829 socius
2345 776 2408 828 et
2439 769 2895 828 concanonicus
2939 776 3151 828 noster

591 893 707 933 nos
754 875 1117 936 certificavit
1162 885 1225 935 et
1272 875 1672 950 assecuravit,
1738 895 1950 936 coram
1995 877 2176 936 nobis
2225 876 2632 954 personaliter
2680 875 3010 948 constituti,
3060 875 3148 935 di-

591 983 813 1040 xerunt
859 990 922 1042 et
967 990 1189 1062 sponte
1252 983 1521 1043 confessi
1566 991 1713 1042 sunt
1772 984 2026 1042 oraculo
2090 983 2231 1044 vive
2293 982 2467 1042 vocis
2531 983 2806 1062 ipsorum
2873 983 2935 1042 in
2983 983 3148 1042 hunc

590 1090 861 1164 modum,
909 1091 1221 1167 quomodo
1268 1091 1385 1168 ipsi
1432 1092 1687 1151 totalem
1733 1091 2094 1169 porcionem
2141 1091 2416 1169 ipsorum
2472 1089 3032 1169 possessionariam
3082 1090 3146 1148 in

590 1197 812 1255 eadem
859 1197 1257 1275 possessione
1305 1197 1589 1258 Inferiori
1635 1193 2046 1276 Lompnicza¹
2079 1207 2304 1257 vocata
2351 1197 2628 1258 habitam
2663 1205 2725 1256 et
2757 1196 3145 1270 existentem,

589 1322 730 1363 cum
778 1304 1063 1364 omnibus
1126 1305 1407 1365 eiusdem
1463 1305 1773 1385 porcionis
1839 1325 2056 1366 eorum
2117 1305 2610 1384 possessionarie
2671 1305 3032 1364 utilitatibus
3081 1312 3147 1363 et

588 1411 983 1489 pertinenciis
1030 1413 1356 1486 universiS,
1418 1414 1498 1472 ad
1546 1414 1813 1474 eandem
1875 1414 1954 1473 de
2023 1413 2155 1472 iure
2223 1413 2648 1491 spectantibus
2708 1421 2772 1472 et
2834 1412 3144 1490 pertinere

588 1520 974 1595 debentibus,
1029 1520 1360 1580 Valentino
1423 1529 1487 1581 et
1547 1523 1733 1581 Petro
1792 1522 1931 1580 filiis
1995 1521 2254 1602 Georgii
2316 1522 2395 1581 de
2444 1523 2667 1581 eadem
2726 1523 3146 1599 Lompnycza,

588 1626 973 1686 consobrinis
1019 1627 1298 1706 ipsorum
1342 1627 1640 1688 Anthonii
1688 1637 1749 1688 et
1796 1628 2140 1688 Clementis
2190 1629 2267 1688 de
2309 1630 2540 1689 ,eadem
2586 1629 2984 1707 Lompnicza,
3031 1646 3145 1706 pro

586 1735 939 1814 quindecim
984 1737 1235 1796 florenis
1284 1737 1433 1811 auri,
1498 1737 1651 1815 puri,
1715 1738 1860 1796 boni
1909 1746 1972 1796 et
2019 1737 2162 1796 iusti
2207 1738 2520 1816 ponderiS,
2583 1738 2765 1816 plene
2829 1745 2897 1795 ut
2943 1729 3142 1796 idem²

586 1841 940 1903 Anthonius
989 1852 1051 1903 et
1097 1842 1393 1916 Clemens
1442 1844 1621 1904 nobis
1670 1846 2013 1904 retulerunt
2058 1845 2136 1905 ab
2187 1844 2425 1906 eisdem
2471 1843 2698 1903 habitis
2763 1852 2826 1904 et
2876 1841 3141 1920 receptis

589 1948 1033 2024 vendidissent,
1065 1950 1433 2011 tradidisent
1467 1961 1529 2011 et
1562 1952 2013 2032 assignassent,
2047 1971 2258 2028 ymmo
2295 1950 2723 2024 vendiderunt,
2756 1950 3142 2010 tradiderunt

585 2065 647 2118 et
694 2059 1096 2139 assignarunt
1143 2078 1355 2119 coram
1402 2059 1599 2134 nobiS,
1646 2078 1758 2139 per
1806 2060 2065 2120 eosdem
2118 2059 2519 2119 Valentinum
2566 2067 2628 2118 et
2674 2059 2928 2118 Petrum
2985 2059 3140 2118 filios

584 2165 843 2246 Georgii
888 2167 1289 2246 ipsorumque
1351 2169 1617 2228 heredes
1678 2176 1741 2228 et
1799 2168 2198 2246 posteritates
2260 2167 2586 2227 universas
2645 2166 2777 2226 iure
2841 2173 3144 2244 perpetuo

583 2282 645 2332 et
690 2273 1177 2334 irrevocabiliter
1222 2276 1577 2350 tenendam,
1624 2275 2071 2353 possidendam
2117 2275 2348 2353 pariter
2394 2283 2456 2334 et
2498 2274 2872 2346 habendam,
2919 2274 3142 2332 harum

580 2388 935 2440 nostrarum
980 2381 1167 2461 sigilli
1212 2381 1407 2442 nostri
1454 2382 1835 2460 appensione
1885 2381 2403 2442 communitatum
2435 2381 2654 2460 vigore
2689 2387 2751 2440 et
2785 2379 3139 2439 testimonio

581 2487 921 2548 litterarum
968 2488 1298 2548 mediante.
1347 2489 1579 2550 Datum
1624 2487 1780 2549 feria
1829 2490 2106 2548 secunda
2152 2488 2436 2566 proxima
2499 2496 2644 2566 post
2697 2487 2924 2546 festum
2969 2487 3139 2547 beati

580 2593 895 2654 Ambrosii
958 2595 1233 2673 episcopi
1281 2603 1343 2655 et
1389 2595 1680 2671 doctoriS,
1740 2613 1905 2656 anno
1969 2596 2201 2656 domini
2263 2594 2588 2655 millesimo
2650 2595 3137 2674 quadringente·

582 2700 741 2760 simo
786 2701 1307 2782 quinquagesimo
1354 2693 1591 2781 quartO.

792 2839 1075 2910 Originale
1113 2841 1553 2904 membraneum,
1576 2857 1722 2896 zona
1744 2841 1959 2896 sericea
1978 2842 2131 2897 rubri
2158 2842 2366 2897 coloris
2391 2842 2673 2912 appendet
2710 2842 2922 2910 absque
2950 2827 3133 2909 sigillo

576 2929 753 2996 Apud
778 2929 1026 2984 nobilem
1065 2927 1311 2984 Marcum
1350 2931 1607 2984 Arbanas
1646 2931 1704 2984 in
1743 2931 1904 2986 Inter.
1946 2931 2219 3004 Lomniea
2255 2930 2359 2985 No.
2397 2930 2482 2986 29.

798 3107 811 3136 ¹
850 3107 933 3161 sie
978 3105 1001 3138 ⁹
1039 3107 1121 3162 sic
1159 3107 1396 3180 (iidem).

786 3592 971 3651 Anno
1026 3589 1209 3651 1454.
1267 3589 1360 3651 13.
1412 3600 1520 3651 aut
1566 3589 1667 3652 20.
1716 3592 1879 3652 maii.
1926 3593 2298 3674 Zagrabiae.

576 3784 825 3849 Coram
886 3784 1146 3848 Thoma
1193 3784 1342 3865 filio
1378 3785 1587 3848 Pauli
1622 3783 1777 3869 filii
1837 3783 2043 3869 Woyn
2098 3786 2179 3850 de
2223 3785 2620 3869 Voynosecz‚
2675 3787 2922 3849 comite
2968 3789 3128 3851 terr.

573 3891 823 3976 Campi
854 3891 1365 3976 Zagrabz‘ensiS,
1408 3890 1724 3956 Vrbanus
1745 3890 1957 3976 filius
2006 3893 2358 3957 Valentini
2390 3891 2776 3977 Sugvssych
2802 3893 2884 3956 de
2916 3892 3128 3977 Infer.

571 3998 1025 4083 Lompnycza,
1062 3997 1400 4083 quasdam
1448 3991 1588 4062 ‘tres
1620 4001 1859 4075 terraS,
1907 4003 2054 4064 octo
2087 3999 2391 4083 florenis
2435 3998 2796 4064 Valentino
2825 4002 2892 4063 et
2923 3999 3126 4063 Petro

1031 4104 1222 4190 filiis
1276 4104 1567 4190 Georgii
1611 4104 1693 4170 de
1737 4104 1991 4196 eadem,
2031 4106 2324 4192 pignori
2369 4103 2644 4190 obligat.

779 4306 911 4365 Nos
960 4307 1235 4378 Thomas
1294 4307 1456 4366 filius
1505 4308 1679 4367 Pauli
1740 4307 1847 4383 filii
1892 4308 2104 4384 Woyn
2150 4307 2229 4367 de
2277 4309 2674 4385 Woynosecz
2741 4324 2952 4367 comes
2995 4316 3120 4394 ‘ter-

569 4413 779 4472 restris
827 4413 1051 4491 Campi
1098 4413 1541 4494 Zagrabiensis
1588 4415 1888 4475 memorie
1937 4416 2386 4475 comendamus
2447 4425 2664 4476 tenore
2727 4416 3122 4493 presencium

566 4519 991 4598 significantes
1038 4522 1261 4600 quibus
1309 4523 1559 4601 expedit
1605 4523 1929 4596 universiS,
2001 4523 2169 4600 quod
2233 4523 2522 4583 Vrbanus
2584 4523 2746 4582 filius
2808 4523 3120 4583 Valentini

565 4627 989 4706 cognominati
1034 4629 1399 4709 Sugossych
1433 4631 1511 4689 de
1558 4630 1835 4690 Inferiori
1868 4631 2205 4706 Lounycza
2219 4624 2250 4704 ¹,
2301 4631 2382 4690 ad
2405 4639 2682 4690 nostram
2713 4630 3120 4709 personaliter

564 4735 872 4795 veniendo
919 4735 1325 4813 presenciam,
1359 4738 1682 4798 confessus
1714 4737 1911 4797 extitit
1940 4737 2005 4796 in
2037 4738 2200 4796 hunc
2233 4739 2505 4813 modum,
2553 4746 2619 4797 ut
2647 4737 2781 4815 ipse
2810 4738 3118 4816 quasdam

561 4848 761 4901 terras
809 4860 959 4900 suas
1007 4842 1273 4903 arabiles
1327 4843 1795 4920 Knychonycza
1840 4839 2114 4917 vocata‘*,
2171 4862 2368 4922 penes
2431 4852 2495 4903 et
2538 4845 2697 4904 inter
2758 4851 2958 4903 metas
3007 4845 3114 4903 do-

562 4949 708 5008 mini
778 4949 1054 5028 Hennyg
1096 4950 1175 5009 de
1220 4951 1635 5010 Zumzedwar
1682 4951 1760 5012 ab
1808 4951 2108 5025 orientali,
2171 4961 2234 5038 et
2295 4951 2453 5019 inter
2517 4959 2750 5015 terram
2811 4950 3112 5028 Stephani
