3917 5592
780 403 910 463 332

779 618 1020 678 cionem
1071 626 1134 677 et
1180 606 1602 677 stuticionem¹
1650 614 1927 692 predicte
1976 615 2327 675 medietatis
2361 634 2472 675 seu
2497 617 2809 694 porcionis
2841 619 3335 696 possessionarie

779 726 974 804 ipsius
1021 726 1290 785 condam
1321 721 1538 799 Kyrini
1575 721 1794 795 Sobar,
1840 741 1954 799 per
1984 721 2292 800 prefatum
2342 724 2633 783 Iacobum
2666 724 2731 783 in
2758 726 3041 802 personis
3074 707 3337 805 quorum

777 851 984 912 supra,
1031 830 1325 911 predictis
1373 829 1622 889 domine
1669 828 2016 905 Elyzabeth
2064 837 2127 889 et
2170 830 2311 889 filiis
2359 830 2488 890 suis
2534 832 2722 891 modo
2769 832 3075 910 premisso
3119 852 3339 912 perpe-

776 949 954 1001 tuate
986 940 1357 1012 faciendam,
1406 935 1708 1016 legittime
1741 936 2251 1010 destinassemuS‚
2299 938 2556 998 tandem
2586 938 2705 1017 ipsi
2734 938 3106 1020 iobagiones
3146 940 3341 999 nostri

779 1047 1079 1127 fidedigni
1126 1046 1348 1106 exinde
1394 1043 1458 1103 in
1505 1042 1834 1121 quindenis
1882 1043 2159 1121 predicte
2207 1043 2359 1105 ferie
2407 1047 2682 1106 secunde
2732 1047 2814 1106 ad
2858 1066 2973 1106 nos
3006 1048 3240 1108 reversi
3280 1056 3341 1107 et

777 1174 890 1234 per
937 1174 1052 1213 nos
1101 1153 1431 1232 diligenter
1476 1150 1772 1229 requisiti,
1819 1150 2000 1210 nobis
2050 1152 2438 1212 concorditer
2486 1154 2824 1213 retulerunt
2887 1173 2964 1213 eo
3021 1156 3226 1230 mod0‚
3274 1164 3342 1213 ut

777 1262 894 1341 ipsi
941 1262 1097 1321 feria
1143 1268 1322 1320 sexta
1367 1258 1651 1338 proxima
1699 1265 1842 1317 ante
1890 1259 2118 1319 festum
2168 1260 2593 1320 conversionis
2640 1261 2809 1321 beati
2851 1263 3027 1322 Pauli
3059 1262 3339 1341 apostoli,

779 1390 944 1431 nunc
992 1370 1272 1448 proxime
1319 1366 1698 1447 preteritum,
1759 1375 1821 1426 et
1868 1367 2003 1427 aliis
2051 1368 2271 1427 diebus
2320 1370 2403 1429 ad
2448 1369 2510 1429 id
2558 1370 2719 1448 aptis
2767 1379 2830 1429 et
2875 1370 3339 1445 sufficientibus,

778 1480 860 1538 ad
927 1477 1121 1538 facies
1192 1475 1470 1555 predicte
1540 1474 1892 1534 medietatis
1959 1494 2071 1534 seu
2137 1476 2448 1553 porcionis
2518 1477 3011 1555 possessionarie
3080 1478 3339 1557 predicti

782 1586 1050 1645 condam
1096 1582 1319 1661 Kyrini
1364 1583 1568 1643 Sohar
1613 1582 1676 1642 in
1722 1582 2005 1660 predicta
2066 1583 2437 1659 Korylowcz
2500 1585 2728 1659 habite,
2790 1585 3008 1645 vicinis
3065 1594 3127 1645 et
3173 1605 3340 1646 com-

776 1694 1082 1754 metaneis
1130 1692 1413 1752 eiusdem
1461 1690 1767 1750 universis
1814 1690 1965 1749 inibi
2031 1691 2332 1771 legittime
2395 1694 2755 1752 convocatis
2816 1702 3231 1769 accesserunt,
3279 1705 3341 1753 et

776 1802 979 1880 primo
1043 1799 1361 1880 quandam
1423 1798 1766 1857 sessionem
1831 1798 2055 1876 prefati
2120 1800 2387 1859 condam
2451 1800 2671 1877 Kyrini
2731 1802 2935 1861 Sobar
2990 1802 3051 1861 in
3098 1802 3341 1880 prefata

777 1909 1168 1985 Korylowcz,
1230 1906 1390 1965 inter
1452 1905 1799 1965 sessionem
1863 1906 2285 1983 predictorum
2345 1908 2555 1967 Iacobi
2606 1916 2667 1967 et
2721 1909 3011 1969 Iohannis
3074 1909 3339 1969 filiorum

771 2016 966 2094 ipsius
1014 2014 1326 2075 Valentini
1374 2014 1452 2073 ab
1501 2013 1756 2086 oriente,
1805 2020 1868 2073 et
1915 2014 2075 2073 inter
2120 2014 2465 2092 predictam
2514 2016 2858 2077 sessionem
2906 2018 3338 2097 quartaliciam

773 2123 968 2201 ipsius
1015 2121 1265 2183 domine
1312 2120 1658 2198 Elyzabeth
1705 2127 1768 2179 et
1813 2121 2121 2181 dictorum
2166 2122 2433 2184 filiorum
2480 2142 2735 2183 suorum
2784 2126 2862 2184 ab
2909 2125 3251 2199 occidente,
3278 2133 3340 2185 et

773 2232 934 2291 inter
976 2230 1237 2290 fluvium
1284 2228 1666 2306 Lompnicza
1711 2229 1961 2302 dictum,
1996 2230 2309 2289 mediante
2346 2230 2449 2289 via
2481 2232 2792 2291 communi
2827 2251 2865 2292 a
2897 2233 3339 2309 septemtrione

777 2358 851 2398 ac
897 2338 1058 2397 inter
1104 2338 1269 2396 viam
1334 2354 1729 2395 communem
1778 2353 1816 2395 a
1863 2336 2205 2395 meridione
2262 2338 2557 2412 habitam,
2605 2346 2733 2398 tres
2780 2358 2923 2398 cum
2994 2339 3201 2400 media
3247 2340 3337 2398 di-

778 2445 1134 2505 mensiones
1181 2445 1350 2523 wlgo
1397 2443 1608 2519 methy
1642 2442 1842 2502 dictas
1875 2442 1937 2501 in
1962 2461 2031 2502 se
2064 2443 2516 2519 continentem3
2568 2445 2715 2504 item
2759 2446 3077 2523 quandam
3107 2454 3339 2507 terram

786 2552 1088 2613 arabilem
1134 2551 1199 2611 in
1246 2569 1471 2629 campo
1518 2551 1596 2609 de
1643 2550 1924 2627 predicta
1972 2550 2363 2627 Korylowcz,
2411 2552 2572 2611 inter
2617 2562 2848 2612 terram
2880 2552 3158 2613 similiter
3204 2572 3339 2613 ara-

779 2659 968 2719 bilem
1013 2658 1436 2737 predictorum
1480 2656 1691 2717 Iacobi
1738 2664 1801 2715 et
1847 2657 2139 2717 Iohannis
2188 2658 2266 2717 ab
2314 2658 2569 2733 oriente,
2617 2668 2682 2719 et
2732 2660 2893 2719 inter
2922 2668 3155 2720 terram
3202 2679 3338 2720 ara-

775 2766 964 2828 bilem
993 2765 1422 2844 quartaliciam
1455 2764 1732 2842 predicte
1763 2763 2012 2825 domine
2044 2764 2391 2841 Elyzabeth
2417 2774 2478 2825 et
2502 2766 2777 2844 ipsorum
2798 2766 3061 2827 filiorum
3083 2786 3335 2826 suorum

775 2874 853 2934 ab
903 2873 1225 2936 occidente
1272 2872 1567 2949 habitam,
1617 2872 2005 2949 Delnycham
2054 2873 2222 2952 wlgo
2270 2881 2576 2947 vocatam,
2625 2882 2752 2933 tres
2797 2875 3067 2935 maiores
3099 2876 3334 2935 dimen-

773 2981 984 3041 siones
1051 2981 1220 3060 wlgo
1289 2980 1501 3056 methy
1571 2978 1770 3039 dictas
1841 2988 1904 3038 et
1973 2978 2261 3039 undecim
2331 2980 2601 3040 minores
2678 2982 3097 3061 dimensiones
3166 2984 3336 3063 wlgo

777 3088 1143 3166 wdylnycze
1191 3096 1450 3148 vocatos
1502 3087 1564 3146 in
1612 3105 1680 3145 se
1729 3086 2183 3161 continentem;
2246 3088 2394 3146 item
2461 3088 2663 3148 eciam
2724 3091 3041 3167 quandam
3104 3098 3334 3150 terram

778 3196 1076 3257 arabilem
1122 3198 1284 3255 ultra
1331 3194 1645 3273 quendam
1693 3194 2027 3253 decursum
2056 3213 2217 3272 aque
2250 3195 2419 3274 wlgo
2452 3196 2991 3272 Malychablathse
3024 3206 3335 3271 vocatum,

770 3304 928 3364 inter
973 3312 1206 3363 terram
1269 3302 1568 3361 arabilem
1633 3300 2052 3378 predictorum
2116 3302 2325 3361 Iacobi
2388 3310 2449 3361 et
2494 3303 2786 3361 Iohannis
2853 3323 2890 3364 a
2954 3311 3130 3381 parte
3190 3304 3335 3364 dicti

771 3412 1072 3470 decursus
1119 3410 1314 3488 ipsius
1364 3428 1524 3488 aque
1560 3426 1596 3467 a
1629 3390 2089 3486 septemtrione,
2138 3418 2201 3468 et
2232 3408 2391 3469 inter
2422 3418 2653 3469 terram
2696 3410 2991 3471 arabilem
3038 3411 3333 3471 nobilium

767 3519 1149 3593 Kwsamchy
1177 3518 1478 3576 dictorum
1506 3535 1545 3575 a
1567 3515 1908 3575 meridione
1940 3516 2142 3592 sitam,
2172 3535 2362 3576 unam
2388 3535 2529 3576 cum
2562 3518 2770 3578 media
2794 3518 3245 3597 dimensionem
3272 3519 3333 3578 in

768 3646 836 3685 se
885 3626 1337 3698 continentem3
1386 3624 1533 3683 item
1559 3642 1750 3682 unam
1797 3631 2030 3683 terram
2062 3624 2360 3684 arabilem
2409 3626 2569 3685 ultra
2600 3626 2858 3685 fluvium
2896 3627 3333 3703 Mozochayna

769 3740 1081 3805 vocaturn,
1107 3731 1266 3790 inter
1294 3738 1525 3790 terram
1553 3729 1848 3790 arabilem
1879 3730 2297 3807 predictorum
2322 3732 2531 3791 Iacobi
2559 3739 2621 3791 et
2651 3733 2943 3792 Iohannis
2974 3734 3051 3793 ab
3077 3734 3332 3809 oriente,

768 3847 831 3899 et
855 3840 1016 3899 inter
1042 3847 1242 3898 teram
1276 3838 1553 3897 similiter
1579 3838 2010 3915 quartaliciam
2040 3838 2315 3915 predicte
2339 3838 2587 3899 domine
2604 3841 2949 3917 Elyzabeth
2970 3850 3033 3901 et
3056 3842 3332 3919 ipsorum

768 3948 1031 4007 filiorum
1103 3966 1358 4006 suorum
1421 3945 1500 4005 ab
1548 3946 1870 4006 occidente
1939 3947 2217 4007 habitam
2280 3955 2342 4007 et
2406 3948 2789 4022 existentem,
2862 3958 3129 4028 quatuor
3190 3969 3331 4009 cum

765 4056 976 4115 media
1021 4055 1440 4114 dimensiones
1488 4054 1656 4133 wlgo
1705 4054 1916 4130 methy
1966 4054 2164 4114 dictas
2212 4056 2274 4113 in
2322 4074 2389 4114 se
2438 4056 2888 4131 continentem3
2939 4058 3084 4116 item
3133 4057 3331 4117 eciam

767 4180 956 4221 unam
1003 4170 1236 4221 terram
1284 4160 1582 4220 arabilem
1632 4160 1793 4219 ultra
1839 4160 2098 4220 fluvium
2146 4162 2527 4239 Lompnicza
2574 4172 2884 4237 vocatum,
2936 4164 3014 4222 ad
3062 4171 3331 4241 septem-

768 4268 1034 4328 trionem
1067 4268 1482 4347 procedendO,
1516 4268 1674 4327 inter
1709 4277 1936 4327 terram
1976 4268 2270 4328 arabilem
2306 4269 2688 4346 prefatorum
2721 4270 2929 4329 Iacobi
2956 4279 3018 4329 et
3042 4270 3332 4329 Iohannis

771 4375 850 4435 ab
899 4375 1154 4450 oriente,
1205 4382 1268 4434 et
1313 4375 1471 4433 inter
1533 4382 1763 4433 terram
1813 4375 2241 4452 quartaliciam
2308 4376 2501 4453 ipsius
2568 4377 2815 4436 domine
2878 4378 3221 4453 Elyzabeth
3272 4385 3332 4436 et

772 4484 1076 4544 dictorum
1125 4483 1391 4543 filiorum
1439 4501 1693 4540 suorum
1741 4482 1925 4541 sitam
1975 4490 2036 4541 et
2082 4483 2376 4557 habitam,
2442 4492 2709 4562 quatuor
2771 4484 3039 4543 maiores
3096 4486 3329 4545 dimen-

765 4591 974 4651 siones
1034 4593 1204 4671 wlgo
1250 4591 1463 4666 methy
1511 4590 1710 4649 dictas
1759 4598 1820 4649 et
1868 4610 2059 4650 unam
2105 4590 2408 4651 minorem
2457 4593 2907 4653 dimensionem
2958 4595 3331 4672 wdylnycha

771 4706 1064 4757 vocatam
1097 4698 1158 4757 in
1185 4716 1254 4756 se
1296 4697 1751 4771 continentem3
1805 4697 1954 4757 item
1988 4699 2302 4776 quandam
2337 4707 2565 4758 terram
2601 4700 2899 4760 arabilem
2943 4700 3331 4761 intervialem

763 4806 930 4885 wlgo
977 4804 1488 4883 Meypothnycha
1547 4804 1793 4878 dictam,
1841 4804 2004 4864 inter
2047 4806 2205 4865 duas
2255 4806 2389 4865 vias
2437 4825 2817 4881 communeS,
2866 4826 3055 4867 unam
3103 4826 3142 4867 a
3188 4827 3326 4886 sep-

759 4911 1088 4971 temtrione
1137 4919 1202 4987 et
1247 4911 1432 4988 aliam
1481 4928 1519 4969 a
1560 4911 1902 4971 meridione
1950 4911 2214 4985 habitaS,
2264 4921 2324 4971 et
2356 4912 2515 4971 inter
2560 4920 2791 4971 terram
2840 4914 3139 4973 arabilem
3188 4934 3323 4993 pre-
