3917 5592
2940 412 3068 473 329

516 642 948 722 dignaremur3
997 648 1060 699 et
1106 657 1247 698 cum
1295 637 1549 696 tandem
1597 654 1714 695 nos
1763 635 1843 693 ad
1890 634 2225 692 instantem
2287 630 2658 709 peticionem
2722 628 2915 707 ipsius
2962 628 3069 685 do·

514 748 680 809 mine
749 746 1089 825 Elyzebeth
1140 752 1203 804 et
1247 744 1552 803 dictorum
1613 741 1878 801 filiorum
1942 758 2213 813 suorum,
2280 738 2517 798 nobiles
2566 738 2733 796 viros
2794 734 3071 795 Blasium

517 856 710 915 filium
757 853 1017 930 Mathye
1067 854 1144 912 de
1192 851 1408 910 Mlaka
1455 859 1518 909 et
1561 848 1971 909 Benedictum
2019 846 2317 923 Krupych
2379 846 2905 925 cognominatum,
2961 866 3071 927 ge-

515 980 735 1020 nerum
783 960 1049 1019 condam
1098 955 1358 1037 Georgii
1403 956 1510 1016 filii
1557 953 1799 1015 Nicolai
1845 954 1923 1013 de
1974 954 2197 1013 eadem
2229 953 2461 1025 Mlaka,
2508 954 2881 1034 iobagiones
2930 974 3072 1015 nos·

513 1077 644 1127 tros
691 1066 1061 1147 fidedignos,
1108 1065 1390 1144 predicta
1434 1064 1591 1123 feria
1637 1063 1916 1122 secunda
1949 1062 2027 1121 de
2061 1062 2285 1121 eadem
2315 1062 2466 1122 sede
2500 1070 2711 1121 nostra
2752 1063 3073 1123 iudiciaria

518 1176 598 1234 ad
643 1174 845 1253 ipsam
910 1173 1401 1251 separacionem,
1461 1169 1993 1231 introduccionem
2061 1176 2124 1229 et
2184 1169 2596 1230 statucionem
2644 1171 2805 1231 dicte
2855 1181 3073 1250 quarte

515 1282 807 1361 puellaris
852 1280 1344 1359 possessionarie
1390 1279 1742 1338 taciendam
1789 1276 2093 1357 legittime
2126 1277 2634 1353 destinassemuS,
2667 1279 2921 1339 tandem
2955 1280 3071 1357 ipsi

517 1390 882 1470 iobagiones
929 1389 1121 1449 nostri
1168 1387 1468 1468 fidedigni
1515 1386 1578 1445 in
1624 1386 1953 1465 quindenis
2000 1385 2277 1463 predicte
2323 1384 2476 1445 ferie
2540 1387 2814 1447 secunde
2848 1387 3069 1447 exinde

518 1498 597 1557 ad
645 1517 760 1556 nos
810 1496 1046 1557 reversi
1092 1504 1156 1555 et
1200 1514 1314 1573 per
1359 1513 1476 1553 nos
1524 1493 1855 1573 diligenter
1903 1492 2198 1570 requisiti,
2246 1492 2426 1552 nobis
2476 1494 2865 1554 concorditer
2911 1503 3074 1555 retu-

519 1607 722 1664 lerunt
768 1623 844 1663 eo
892 1604 1098 1677 mod0,
1145 1610 1212 1661 ut
1260 1601 1376 1680 ipsi
1421 1600 1578 1661 feria
1625 1608 1803 1659 sexta
1848 1600 2132 1678 proxima
2180 1607 2322 1659 ante
2377 1600 2603 1660 festum
2652 1602 3077 1661 conversionis

517 1712 687 1772 beati
733 1711 912 1771 Pauli
959 1709 1238 1791 apostoli,
1289 1728 1452 1767 nunc
1521 1708 1801 1786 proxime
1863 1706 2244 1785 preteritum,
2312 1715 2374 1767 et
2436 1706 2571 1767 aliis
2618 1708 2838 1768 diebus
2887 1709 2969 1769 ad
3014 1710 3077 1769 id

521 1818 680 1897 aptis
730 1826 792 1877 et
839 1817 1306 1891 sufficientibuS,
1357 1816 1437 1875 ad
1468 1815 1662 1875 facies
1694 1814 1972 1894 predicte
2006 1823 2224 1893 quarte
2258 1815 2550 1893 puellaris
2583 1815 3075 1894 possessionarie

519 1928 582 1987 in
627 1926 908 2005 predicta
954 1919 1380 1985 Korilowzch¹
1427 1923 1657 1996 habite,
1704 1922 1923 1983 vicinis
1955 1930 2020 1982 et
2051 1924 2498 1983 commetaneis
2530 1924 2724 2002 ipsius
2773 1924 3079 1984 universis

519 2034 669 2095 inibi
713 2033 1015 2113 legittime
1062 2031 1424 2093 convocatis
1462 2040 1524 2091 et
1548 2031 1942 2110 presentibus
1992 2040 2408 2105 accesserunt,
2443 2040 2506 2091 et
2529 2032 2729 2110 primo
2761 2034 3077 2111 quandam

519 2151 750 2201 terram
783 2140 1191 2200 sessionalem
1224 2140 1286 2199 in
1316 2140 1480 2200 dicta
1507 2139 1874 2212 Korilowcz‚
1908 2139 2069 2198 inter
2098 2147 2328 2199 terram
2360 2138 2857 2217 empticionalem
2883 2139 3079 2218 ipsius

522 2248 772 2309 domine
819 2248 1168 2323 Elyzabeth
1233 2256 1295 2306 et
1357 2246 1663 2305 dictorum
1729 2246 1997 2306 filiorum
2060 2266 2315 2305 suorum
2363 2246 2441 2306 ab
2489 2246 2743 2320 oriente,
2806 2255 2869 2305 et
2922 2248 3080 2307 inter

518 2365 752 2417 terram
786 2354 1196 2414 sessionalem
1239 2354 1510 2413 nobilem
1543 2355 1884 2414 eorundem
1915 2354 2180 2413 filiorum
2228 2354 2421 2431 ipsius
2456 2355 2703 2413 domine
2735 2354 3078 2431 Elyzabeth

523 2463 602 2523 ab
651 2463 974 2522 occidente
1023 2463 1226 2535 sitam,
1274 2481 1463 2521 unam
1513 2462 1964 2521 dimensionem
2014 2462 2313 2521 maiorem
2340 2463 2509 2541 wlgo
2556 2463 2724 2521 meth
2758 2462 2987 2523 dictam
3020 2470 3083 2522 et

520 2580 662 2631 octo
711 2570 982 2630 minores
1030 2568 1452 2629 dimensiones
1498 2570 1864 2646 wdylnycze
1913 2571 2082 2650 wlgo
2130 2578 2389 2629 vocatas
2437 2570 2498 2629 in
2532 2589 2600 2629 se
2634 2570 3080 2645 continentem;

523 2678 674 2738 item
720 2678 1038 2757 quandam
1085 2685 1318 2735 terram
1364 2676 1428 2734 in
1474 2684 1640 2735 terra
1687 2676 2025 2753 Delnycza,
2071 2676 2232 2735 inter
2276 2686 2509 2736 terram
2541 2676 2819 2737 similiter
2865 2677 3081 2756 empti-

525 2787 829 2847 cionalem
878 2786 1040 2846 dicte
1074 2785 1323 2845 domine
1355 2785 1700 2862 Elyzabeth
1734 2793 1794 2844 et
1826 2785 2101 2863 ipsorum
2132 2785 2395 2845 filiorum
2428 2805 2682 2845 suorum
2716 2786 2795 2845 ab
2828 2786 3082 2860 oriente,

524 2903 587 2955 et
631 2895 793 2955 inter
839 2902 1071 2953 terram
1117 2893 1386 2953 nobilem
1437 2894 1781 2954 eorundem
1826 2893 2093 2952 filiorum
2126 2893 2409 2953 eiusdem
2442 2893 2690 2953 domine
2738 2894 3083 2971 Elyzabeth

524 3004 604 3063 ab
653 3001 976 3063 occidente
1025 3002 1226 3075 sitam,
1273 3021 1465 3061 unam
1494 3000 1943 3061 dimensionem
1990 3002 2161 3081 wlgo
2208 3002 2376 3062 meth
2410 3002 2639 3062 dictam
2686 3002 2749 3062 in
2793 3022 2862 3062 se
2892 3002 3083 3063 conti-

522 3118 813 3183 nentem;
848 3110 1009 3169 'item
1058 3110 1258 3169 eciam
1306 3129 1496 3169 unam
1562 3117 1793 3169 terram
1841 3111 2001 3169 ultra
2044 3110 2304 3169 fluvium
2348 3110 2787 3187 Mozochayna
2834 3110 3085 3185 dictum,

525 3219 685 3277 inter
714 3226 944 3277 terram
974 3217 1251 3277 similiter
1277 3218 1775 3295 empticionalem
1808 3217 2003 3295 ipsius
2036 3218 2285 3277 domine
2315 3219 2660 3295 Elyzabeth
2694 3226 2756 3279 et
2770 3218 3085 3282 dictorum

525 3325 791 3384 filiorum
839 3342 1093 3383 suorum
1143 3323 1222 3383 ab
1269 3325 1524 3398 oriente,
1576 3332 1638 3384 et
1683 3324 1844 3384 inter
1888 3334 2121 3384 terram
2168 3325 2464 3385 nobilium
2511 3327 2591 3386 de
2636 3326 2969 3387 Kusanecz
3004 3326 3083 3386 ab

528 3431 872 3504 occidente,
919 3450 1109 3489 unam
1156 3430 1454 3491 maiorem
1523 3431 1971 3491 dimensionem
2040 3434 2209 3491 meth
2272 3433 2501 3493 dictam
2548 3441 2611 3492 et
2656 3434 2766 3492 VII
2812 3434 3083 3493 minores

527 3536 946 3599 dimensiones
1011 3538 1374 3613 wdylnycze
1437 3545 1695 3597 vocatas
1765 3539 1827 3597 in
1897 3557 1967 3597 se
2034 3539 2481 3615 continentem;
2550 3540 2700 3599 item
2768 3541 3086 3618 quandam

529 3654 764 3704 terram
813 3645 970 3703 ultra
1017 3644 1502 3721 Lompnyczam,
1551 3644 1710 3703 inter
1756 3652 1987 3703 terram
2051 3645 2547 3723 empticionalem
2594 3646 2788 3724 ipsius
2836 3646 3085 3706 domine

529 3750 874 3828 Elyzabeth
901 3759 962 3809 et
991 3751 1292 3810 dictorum
1327 3750 1590 3831 filiorum
1624 3770 1874 3811 suorum
1913 3752 1992 3811 ab
2017 3752 2271 3827 oriente,
2305 3760 2368 3813 et
2400 3754 2557 3813 inter
2588 3760 2819 3813 terram
2850 3753 3087 3813 Mathie

530 3860 854 3920 Kauchich
892 3861 970 3920 ab
1005 3860 1326 3920 occidente
1361 3860 1560 3933 sitam,
1609 3880 1798 3920 unam
1830 3861 2132 3921 maiorem
2166 3862 2615 3922 dimensionem
2656 3863 2825 3922 meth
2860 3863 3085 3921 dictam

530 3978 592 4029 et
637 3970 912 4047 quinque
957 3969 1230 4028 minores
1280 3968 1699 4028 dimensiones
1745 3969 2113 4045 wdylnycze
2162 3970 2360 4029 dictas
2407 3970 2469 4029 in
2517 3988 2586 4029 se
2634 3970 3087 4041 continentem;

529 4078 674 4137 item
726 4076 924 4136 eciam
972 4077 1286 4155 quandam
1337 4085 1568 4135 terram
1613 4075 2003 4135 intervialem
2049 4076 2552 4154 Meyputhnycza
2620 4077 2867 4149 dictam,
2930 4076 3090 4136 inter

529 4195 762 4243 terram
827 4182 1325 4261 empticionalem
1384 4182 1578 4260 ipsius
1627 4182 1875 4242 domine
1938 4184 2282 4260 Elyzabeth
2348 4192 2410 4243 et
2454 4184 2759 4243 dictorum
2824 4183 3089 4243 filiorum
3136 4206 3143 4211 ·

531 4309 785 4351 suorum
835 4291 914 4349 ab
963 4290 1218 4364 oriente,
1267 4298 1328 4349 et
1375 4289 1534 4347 inter
1579 4298 1813 4348 terram
1859 4289 2129 4348 nobilem
2179 4308 2391 4349 eorum
2440 4291 2706 4349 filiorum
2752 4290 2947 4368 ipsius
2981 4291 3086 4350 do-

530 4399 696 4458 mine
742 4399 1085 4475 Elyzabeth
1136 4397 1214 4458 ab
1261 4396 1584 4457 occidente
1633 4397 1833 4471 sitam,
1890 4417 2080 4456 unam
2129 4397 2579 4458 dimensionem
2643 4399 2813 4457 meth
2860 4398 3086 4458 dictam

532 4506 592 4564 in
641 4524 708 4565 se
759 4506 1212 4581 continentem;
1275 4505 1422 4565 item
1487 4524 1676 4564 unam
1739 4514 1970 4564 terram
2034 4505 2333 4565 arabilem
2396 4505 2789 4565 Iarchenicza
2845 4504 3092 4578 dictam,

534 4614 694 4672 inter
725 4621 958 4673 terram
990 4613 1489 4691 empticionalem
1515 4614 1710 4690 ipsius
1743 4612 1995 4672 domine
2024 4613 2368 4689 Elyzabeth
2395 4621 2459 4673 et
2489 4614 2794 4673 dictorum
2826 4613 3092 4671 filiorum

531 4738 785 4779 suorum
835 4720 914 4779 ab
962 4720 1217 4793 oriente,
1266 4728 1326 4779 et
1355 4720 1514 4779 inter
1555 4728 1786 4779 terram
1819 4719 2089 4779 nobilem
2124 4721 2464 4780 eorundem
2499 4720 2763 4780 filiorum
2812 4719 3091 4779 eiusdem

531 4826 780 4885 domine
805 4825 1148 4901 Elyzabeth
1175 4826 1253 4886 ab
1287 4826 1610 4885 occidente
1635 4826 1835 4900 sitam,
1867 4826 2142 4886 mediam
2174 4827 2625 4889 dimensionem
2666 4826 2835 4886 meth
2860 4825 3091 4886 dictam

529 4933 592 4992 in
655 4950 724 4992 se
785 4931 1218 5003 continentem,
1269 4931 1346 4991 ab
1397 4932 1657 4991 aliorum
1707 4932 1939 4992 iuribus
1988 4933 2495 5010 possessionariis
2558 4940 2945 5011 separarunt,
3010 4950 3087 4991 ac
