3917 5592
783 430 916 493 440

776 646 998 725 posit0,
1046 649 1363 711 canonicis
1412 657 1475 710 et
1519 650 1630 711 toti
1679 651 1949 731 capitulo
2012 670 2228 715 eorum
2295 650 2377 711 ab
2425 650 2680 730 antiquo
2742 657 2806 712 et
2824 668 2834 675 ·
2851 651 3100 730 senipei·
3132 649 3339 710 *fuisse

778 762 840 813 et
887 772 1030 823 esse
1077 756 1228 817 dare
1277 766 1340 818 et
1389 758 1747 837 persolvere
1796 758 2126 839 obligatos,
2159 757 2610 837 universasque
2645 766 2708 818 et
2739 758 3019 839 singulas
3050 757 3338 836 ipsorum

778 862 1231 940 opposiciones,
1281 864 1818 926 contradicciones
1883 874 1946 927 et
2007 865 2445 927 recusaciones
2512 864 2705 926 fuisse
2767 872 2830 926 et
2890 882 3032 925 esse
3078 864 3338 939 illicitas,

776 972 1145 1031 temerarias
1175 981 1236 1036 et
1263 972 1526 1057 iniustas
1574 992 1648 1034 ac
1695 974 2025 1047 iniuriosae
2073 982 2135 1035 et
2181 974 2260 1034 de
2304 973 2471 1035 facto
2522 980 2936 1053 presumptas,
2992 980 3054 1033 et
3090 972 3165 1033 in·
3202 972 3330 1032 a'ni-

775 1098 1024 1141 marum
1069 1080 1344 1160 ipsorum
1393 1084 1736 1162 periculum
1783 1091 2065 1162 patratas
2113 1090 2177 1145 et
2222 1082 2607 1157 commissaS,
2654 1100 2769 1161 per
2799 1081 3058 1142 easdem
3084 1082 3338 1161 quoque‘

776 1186 1230 1265 opposiciones,
1293 1190 1827 1251 contradicciones
1876 1198 1938 1250 et
1984 1188 2422 1251 recusaciones
2484 1194 2799 1267 pretactos
2862 1188 3147 1248 dominos
3194 1206 3333 1267 pre-

773 1295 1064 1373 positum,
1111 1298 1448 1360 canonicos
1495 1308 1558 1361 et
1590 1299 1926 1378 capitulum
1960 1318 2000 1359 a
2028 1307 2329 1377 tempore,
2377 1318 2501 1378 quo
2535 1317 2605 1358 se
2636 1298 3060 1377 opposuerint,
3090 1297 3333 1357 contra·

773 1402 1057 1479 dixerint,
1104 1405 1243 1483 plus
1289 1426 1478 1485 quam
1527 1407 1747 1468 decem
1791 1406 2061 1467 millibus
2106 1406 2360 1467 florenis
2408 1406 2541 1467 auri
2588 1405 2735 1466 boni
2768 1413 2831 1465 et
2866 1404 3011 1466 iusti
3042 1404 3341 1484 ponderis·

769 1519 1023 1571 monete
1084 1512 1526 1593 hungaricalis,
1576 1513 2077 1593 dampnificasse,
2146 1531 2359 1591 ymmo
2429 1513 2511 1573 ad
2576 1514 2911 1574 solvendas
2978 1521 3040 1572 et
3087 1512 3339 1573 dandas·

772 1616 1048 1679 decimas
1117 1618 1472 1680 huiusmodi
1538 1640 1612 1681 ac
1683 1622 1975 1699 dampna,
2026 1622 2129 1682 ad
2198 1621 2419 1681 decern
2480 1619 2670 1680 millia
2732 1620 3024 1694 florenos»,
3077 1628 3145 1679 ut
3190 1620 3327 1698 p're·

769 1725 964 1787 fertur
1011 1744 1080 1786 se
1129 1728 1555 1811 entendencia,
1601 1728 1878 1807 prefatos
1925 1728 2113 1787 Antal
2162 1736 2225 1789 et
2272 1727 2426 1788 alios
2494 1727 3039 1806 supranominatos
3099 1733 3162 1789 et
3208 1726 3327 1785 litis

766 1833 1046 1913 ipsorum
1089 1844 1432 1911 consortes,
1484 1856 1704 1898 omnes
1750 1836 2183 1897 universaliter
2244 1844 2307 1896 et
2370 1836 2650 1917 singulos
2696 1834 3111 1916 singulariter,
3158 1842 3331 1897 ante·

772 1942 952 2003 dictis
999 1943 1264 2005 dominis
1311 1944 1646 2023 preposite,
1691 1944 2010 2005 canonicis
2058 1952 2123 2005 et
2166 1944 2278 2005 toti
2338 1942 2609 2023 capitulo
2671 1943 2947 2022 ipsorum
2994 1943 3329 2021 condemp-

769 2049 948 2125 neu's,
1011 2050 1306 2131 ipsasque
1370 2051 1648 2113 decimas
1712 2060 1775 2113 et
1821 2052 2097 2131 dampna
2144 2052 2225 2112 ad
2268 2051 2753 2130 persolvendum
2796 2050 3051 2111 ,realiter
3086 2056 3152 2110 et
3180 2066 3325 2109 cum

767 2158 996 2219 effectu
1042 2176 1314 2220 unacum
1359 2158 1480 2220 litis
1527 2159 1818 2239 expensis
1864 2158 2045 2220 sactis
2112 2168 2179 2220 et
2221 2157 2541 2233 faciendis,
2566 2176 2575 2233 ζ
2598 2176 2757 2238 quas
2805 2158 3006 2219 eciam
3052 2156 3329 2219 sindicus

766 2264 1016 2325 nomine
1063 2284 1328 2345 quorum
1375 2286 1567 2345 supra
1627 2266 1803 2345 petiit
1859 2285 2078 2327 earum
2124 2266 2534 2340 taxacionem,
2582 2275 2789 2327 vestre
2837 2265 3106 2327 iudiciali
3165 2284 3340 2326 com-.

765 2372 1065 2435 mittendo
1091 2372 1810 2453 moderacioni„preiatis
1836 2373 2102 2434 dominis
2126 2374 2462 2452 preposito,
2484 2373 2799 2434 canonicis
2828 2381 2892 2434 et
2914 2373 3183 2452 capitulo
3205 2390 3329 2451 per

765 2500 1076 2544 censuras
1099 2480 1556 2545 ecclesiasticas
1589 2489 1653 2543 et
1677 2482 1798 2542 alia
1827 2481 1977 2542 iuris
2004 2481 2281 2541 remedia
2313 2481 2395 2541 ad
2424 2480 2489 2539 id
2512 2489 2879 2559 opportuna,
2902 2480 3315 2559 ,compellatiS,

765 2587 1037 2668 benigne
1085 2596 1362 2649 vestrum
1413 2608 1741 2649 assensum
1787 2588 2194 2668 implorandO,
2242 2589 2417 2648 salvo
2464 2588 2597 2648 iure
2650 2588 2937 2663 addendi,
2993 2588 3343 2649 minuendi.

771 2695 1073 2769 mutandi,
1122 2696 1493 2777 corrigendi,
1541 2704 1675 2772 etc„
1724 2703 1788 2757 et
1823 2696 2207 2775 procedatur
2236 2703 2437 2774 prout
2482 2704 2593 2755 est‘
2630 2694 2822 2756 m‘oris
2870 2703 3057 2774 atque
3104 2695 3241 2755 sffli.
3313 2735 3331 2749 .

987 2803 1312 2884 Vigesima
1357 2812 1584 2865 octava
1616 2803 1716 2864 die-
1747 2804 1981 2865 mensis
2027 2803 2193 2878 iunii,
2239 2804 2395 2865 hora
2427 2822 2875 2883 vesperarum,
2902 2804 3141 2865 libellus
3188 2822 3329 2883 pro-

772 2911 996 2976 ductus
1037 2911 1105 2972 in
1151 2910 1376 2973 iudicio
1425 2930 1638 2971 coram
1685 2911 1936 2972 domino
1984 2909 2204 2984 iudice,
2250 2918 2315 2971 et
2358 2909 2545 2971 iudex
2594 2910 2872 2971 decrevit
2902 2917 2966 2971 et
2994 2910 3347 2971 terminum·

769 3018 986 3079 statuit
1046 3026 1110 3079 et
1169 3018 1417 3097 prefixit
1477 3018 1758 3097 partibus
1820 3017 2283 3098 quindecimum
2344 3017 2511 3077 diem
2558 3017 2917 3078 immediate
2964 3020 3332 3098 sequentem

771 3126 894 3204 [ad]
942 3126 1346 3205 producenda
1407 3126 1618 3189 omnia
1655 3125 1798 3187 iura
1841 3126 2121 3204 ipsorum
2186 3144 2443 3188 causam
2500 3125 2709 3185 istam
2734 3125 3108 3205 tangendas
3149 3126 3324 3205 quin-

769 3232 1144 3313 decim[um]‚
1193 3233 1358 3295 diem
1404 3279 1419 3294 .
1466 3260 1481 3294 ·.
1529 3240 1568 3297 .'
1593 3278 1920 3294 ......
3254 3285 3259 3289 .
3312 3284 3318 3290 .

984 3386 1499 3402 .........
1547 3340 1800 3402 domino
1836 3340 2171 3418 Wynando
2204 3340 2459 3419 [abbate
2494 3340 2855 3417 monasterii
2884 3285 3095 3418 bea]te
3126 3339 3337 3400 Marie

769 3447 1030 3529 virginis
1054 3449 1134 3509 de
1158 3449 1492 3529 Zagrabia,
1517 3448 1954 3510 Cisterciensis
1987 3448 2237 3522 ordiniS,
2272 3454 2731 3523 conservatore,
2757 3465 3001 3508 necnon
3027 3447 3333 3509 bonorum

770 3555 1222 3617 venerabilium
1287 3556 1635 3619 dominorm
1696 3555 1994 3636 prepositi
2059 3564 2123 3617 et
2180 3555 2624 3634 canonicorum
2672 3555 3017 3633 teciusque
3080 3554 3333 3633 capituli

776 3662 1040 3723 ecclesie
1064 3663 1527 3744 Zagrabiensis,
1555 3682 1669 3743 per
1699 3671 2172 3723 sacrosanctam
2200 3663 2563 3743 generalem
2590 3662 2879 3723 sinodum
2902 3662 3331 3735 Basiliensem,

615 3840 623 3847 .
659 3775 668 3781 '
771 3769 834 3835 in
881 3769 1098 3848 spiritu
1145 3778 1363 3833 sancto
1413 3778 1882 3851 congregatam,
1934 3770 2353 3831 universalem
2401 3769 2732 3830 ecclesiam
2776 3772 3329 3848 representantem,

770 3878 940 3952 dato,
985 3878 1305 3956 deputat0,
1351 3877 1626 3940 sindicus
1673 3877 2006 3939 sindicario
2054 3877 2307 3937 nomine
2356 3877 2701 3937 eorundem
2746 3876 3141 3937 dominorum
3190 3894 3329 3971 pre:

767 3983 952 4063 positi
999 3990 1062 4045 et
1107 3985 1548 4046 canonicorum
1610 3985 1934 4065 tociusque
2000 3985 2250 4064 capituli
2312 3985 2475 4046 dicte
2538 3984 2801 4045 ecclesie
2866 3982 3329 4064 ZagrabiensiS,

767 4098 983 4153 contra
1029 4100 1092 4152 et
1121 4092 1426 4153 adversus
1472 4093 1778 4171 quosdam
1809 4091 1997 4152 Antol
2046 4094 2351 4172 Trupsek,
2384 4092 2645 4165 Dimiter
2676 4086 3033 4153 Petrusich⁸
3072 4098 3137 4153 et
3168 4091 3329 4152 filios

771 4197 1034 4279 Georgii
1079 4200 1313 4278 Supan,
1362 4200 1683 4262 Thomsek
1728 4200 2015 4261 Zelchicz'
2063 4200 2141 4262 de
2182 4198 2408 4274 Chehi,
2432 4198 2709 4262 „Gallum
2754 4198 3019 4272 fabrum,
3072 4198 3331 4258 Luciam

773 4313 835 4365 et
895 4304 1306 4370 Katherinam
1352 4306 1630 4369 relictam
1695 4306 1975 4384 Gywrek
2036 4305 2445 4381 Dobranisch,
2515 4305 2789 4383 Endrey,
2836 4306 3027 4381 Bede,
3074 4306 3125 4365 F
3128 4304 3359 4379 abian,⁸

768 4410 1102 4487 Werchek,
1149 4414 1345 4477 Pauel
1367 4413 1765 4488 Gerdenich,
1813 4415 2007 4474 sza
2052 4414 2131 4475 de
2177 4413 2473 4486 Ierebich,
2508 4414 2780 4492 .Trupek
2822 4413 3155 4488 Fen-inicii,
3192 4412 3339 4477 Am,

772 4498 985 4579 dreani
1033 4520 1113 4581 de
1161 4520 1520 4593 Lukauecz,
1577 4520 1834 4593 Baltor,.
1883 4519 2149 4582 Dimiter
2192 4528 2257 4580 et
2314 4520 2512 4579 Pauel
2555 4504 2656 4579 de*
2684 4520 2909 4581 eadem
2955 4516 3325 4579 Crikauich⁴

770 4624 1020 4701 dictum,
1054 4628 1282 4688 Valent
1327 4627 1772 4689 Domankoich'
1808 4628 1886 4688 de
1919 4628 2109 4702 Loza,
2152 4628 2341 4689 Peter
2372 4626 2687 4701 MihaIich,
2720 4626 3003 4687 Ywanus
3035 4626 3329 4687 Volarich

770 4732 848 4793 de
895 4734 1250 4795 kanuecz
1295 4734 1592 4813 predicta,
1641 4743 1704 4795 et
1735 4734 2000 4815 Gregor
2045 4733 2341 4795 Anthonii
2404 4735 2485 4795 de
2540 4736 2726 4807 Loza,
2777 4734 3086 4814 aliosque..
3102 4752 3333 4794 omnes.

767 4849 830 4901 et
891 4840 1172 4921 singulos
1239 4842 1524 4902 homines
1587 4850 1650 4902 et
1710 4843 1992 4921 popul03,
2064 4840 2171 4921 qui
2238 4860 2307 4901 se
2354 4840 2594 4901 nobiles
2660 4841 2849 4900 castri
2896 4841 3328 4901 Medwewara

771 4946 1103 5026 appellant,
1157 4946 1221 5005 in
1270 4948 1494 5006 cutello
1567 4947 1852 5007 decimali
1921 4945 2149 5025 Campi
2213 4945 2659 5027 Zagrabiensis
2725 4955 3202 5023 commorantes,
3266 4956 3331 5009 et
