3917 5592
3056 468 3146 541 69.

795 688 836 747 E
869 688 1150 748 relatoriis
1189 688 1556 763 originalibus
1606 688 1835 763 capituli
1874 688 2267 762 Zagrabiensis
2326 708 2377 747 a.
2418 690 2571 747 1352.
2615 691 2697 746 -8.
2738 691 3003 747 octobris.
3081 693 3145 746 ln

581 783 816 838 archivo
854 798 1137 838 commun.
1175 783 1306 837 nob.
1346 783 1415 837 de
1457 783 1774 853 Turopolje.
1845 781 2025 853 Copia
2062 782 2230 838 huius
2269 782 2592 837 documenti
2630 782 2889 851 simplex,
2934 782 3145 836 saeculi

583 872 720 927 XVI.
761 874 1058 927 chartacea
1094 872 1152 926 in
1192 872 1424 928 archivo
1473 872 1628 942 regni
1666 873 2003 941 Hungariae,
2060 872 2463 941 Budapestini=
2520 870 2589 925 M.
2629 870 2693 924 Ο.
2733 870 2794 923 D.
2838 870 2892 923 L.
2929 870 3143 939 33590„

585 960 722 1014 olim
761 961 823 1015 N.
863 962 927 1015 R.
966 961 1032 1016 A.
1071 963 1206 1016 lasc.
1247 960 1402 1016 1509.
1442 962 1543 1016 No.
1583 962 1633 1016 2.

805 1088 820 1117 ¹
859 1087 1048 1149 Mezen
1091 1112 1154 1133 =
1197 1089 1352 1143 Mezo
1387 1110 1461 1137 -·-
1497 1088 1759 1159 Campus.
1839 1091 1858 1119 ²
1895 1090 1993 1143 sic.

1794 1336 1940 1407 88.

800 1501 984 1561 Anno
1041 1499 1226 1561 1352.
1275 1500 1376 1561 28.
1426 1503 1714 1563 octobris,

592 1658 994 1742 Capitulum
1059 1659 1380 1725 ecclesiae
1435 1661 1576 1745 Zag
1587 1659 1946 1740 rabiens-2⁹8,
2019 1660 2362 1745 Stephano
2410 1660 2815 1726 Sclavoniae
2859 1664 2923 1723 et
2975 1660 3137 1725 Cro-

587 1768 772 1831 atiae
815 1766 1010 1845 ban0‚
1055 1767 1138 1831 de
1175 1769 1628 1850 potentiariis
1691 1768 1979 1847 actibuS,
2036 1775 2166 1855 per
2218 1768 2641 1854 Gregorium
2700 1766 2947 1852 filium
2997 1767 3163 1834 Sto--

584 1872 826 1959 phuni,
871 1870 1222 1939 nobilibus
1267 1860 1753 1960 ibbagionibus
1799 1878 2017 1940 castri
2068 1876 2565 1962 Zagrabiensis
2610 1874 2852 1951 illatis,
2912 1874 3144 1960 refert.

740 2114 748 2121 .
805 2038 1147 2118 Magnifico
1211 2037 1343 2097 viro
1415 2039 1666 2099 domino
1713 2041 2034 2118 Stephano
2104 2034 2303 2101 tocius
2361 2040 2693 2101 Sclauonie
2758 2048 2821 2099 et
2881 2038 3146 2099 Croacie

588 2145 752 2204 bano
801 2145 1136 2223 capitulum
1182 2146 1626 2225 Zagrabiensis
1675 2147 1936 2207 ecclesie
1986 2149 2250 2208 salutem
2297 2157 2361 2208 et
2406 2148 2731 2207 oraciones
2780 2166 2892 2225 pro
2941 2165 3016 2206 eo
3066 2147 3148 2206 ad

590 2252 923 2312 dominum.
973 2253 1288 2313 Noueritis
1335 2273 1451 2313 nos
1497 2254 1734 2315 litteras
1782 2256 2161 2315 serenissimi
2220 2250 2517 2335 principis
2564 2254 2799 2315 domini
2847 2254 3147 2313 Ludouici

591 2362 694 2421 dei
739 2362 957 2441 gracia
1001 2361 1194 2421 incliti
1262 2363 1432 2440 regis
1477 2364 1803 2443 Hungarie
1873 2383 2160 2442 sumpmo
2208 2383 2349 2424 cum
2418 2364 2656 2422 honore
2712 2361 3022 2440 recepisse
3084 2361 3147 2420 in

589 2469 708 2528 hec
755 2469 979 2527 verba:
1035 2468 1288 2543 (Vide
1346 2471 1930 2548 praecedens
1980 2472 2158 2531 doc.
2208 2490 2261 2531 a.
2319 2468 2502 2531 1352.
2562 2467 2655 2529 13.
2704 2468 2924 2528 iulii
2988 2469 3145 2528 sub

591 2576 706 2635 No.
755 2574 901 2651 67.).
973 2576 1270 2636 Volentes
1319 2577 1508 2657 igitur
1553 2597 1667 2637 nos
1714 2578 2025 2656 preceptis
2074 2578 2355 2638 eiusdem
2401 2577 2631 2637 domini
2679 2576 2848 2655 regis
2896 2574 3149 2636 obedire

591 2692 659 2742 ut
703 2692 1005 2757 tenemur,
1081 2702 1224 2743 cum
1268 2684 1564 2762 predicto·
1595 2685 1782 2744 Petro
1829 2685 1953 2744 filio
2016 2685 2269 2744 Martini
2314 2685 2564 2744 homine
2612 2702 2745 2758 su0,
2816 2682 3150 2743 discretum

594 2791 793 2850 virum
839 2790 1158 2850 dominum
1227 2792 1490 2851 Paulum
1540 2792 2046 2853 archidiacon-um
2096 2793 2175 2853 de
2220 2792 2539 2869 Bekchyn,
2611 2791 2849 2850 socium
2898 2798 2960 2849 et
3006 2809 3149 2850 con-

589 2898 960 2958 canonicum
1029 2908 1310 2959 nostrum
1358 2880 1440 2960 ad
1507 2900 1814 2978 premissa
1862 2902 2230 2978 exequenda
2299 2918 2411 2978 pro
2459 2888 2813 2959 testimonio
2862 2880 3151 2957 duximus

588 3006 1148 3081 transmittendum,
1196 3006 1303 3086 qui
1338 3008 1591 3067 demum
1640 3009 1721 3067 ad
1766 3028 1881 3067 nos
1916 3009 2251 3067 redeuntes
2298 3006 2478 3065 nobis
2525 3005 2918 3066 concorditer
2966 3003 3149 3063 retul-

589 3113 808 3186 lerunt,
877 3115 1045 3192 quod
1092 3113 1259 3173 idem
1309 3115 1498 3174 homo
1547 3114 1760 3193 regius
1827 3123 2119 3192 presente
2166 3114 2301 3193 ipso
2366 3121 2581 3179 nostro
2626 3111 3000 3197 testimoniO,
3073 3111 3155 3170 ad

589 3219 796 3278 villam
843 3220 1149 3297 Chychan
1196 3229 1486 3280 vocatam
1533 3221 1632 3280 die
1679 3220 1797 3278 fori
1845 3220 2149 3280 existente
2198 3220 2569 3281 accessisset
2616 3226 3155 3296 conuocassetque

589 3327 828 3386 nobiles
895 3316 958 3387 el
1025 3328 1334 3407 ignobiles
1383 3335 1444 3387 et
1493 3327 1663 3402 alios,
1734 3346 1892 3406 quos
1962 3328 2170 3387 decuit
2216 3314 2279 3387 et
2323 3328 2495 3387 licuit
2561 3328 2805 3387 illarum
2874 3325 3158 3404 parcium

591 3434 824 3494 incolas
873 3435 955 3495 ad
1001 3436 1268 3495 eandem
1332 3434 1542 3512 ibique
1590 3436 1668 3495 ab
1717 3422 1866 3514 ipsis
1915 3444 1978 3494 et
2037 3428 2191 3495 alias
2239 3434 2301 3494 in
2349 3434 2565 3494 vicinis
2614 3420 2772 3493 villis
2821 3420 3153 3512 diligenter

591 3540 954 3619 inquirendo
1002 3542 1080 3601 de
1121 3542 1440 3620 premissis
1488 3542 1732 3620 publice
1765 3552 1829 3603 et
1879 3528 2141 3617 occulte,
2192 3541 2269 3601 ab
2301 3541 2537 3601 eisdem
2582 3543 2747 3600 hanc
2794 3539 3151 3600 resciuisset

595 3648 935 3722 veritatem,
1007 3650 1176 3727 quod
1234 3649 1631 3726 supradictus
1701 3649 2045 3729 Gregorius
2092 3650 2257 3709 filius
2324 3648 2625 3726 Stephani
2685 3666 2875 3726 quam
2939 3646 3149 3723 plures

592 3775 816 3833 porcos
887 3754 1182 3813 nobilium
1235 3756 1314 3816 de
1363 3758 1586 3816 eodem
1657 3756 1902 3833 Campo
1949 3757 2011 3815 in
2060 3756 2372 3815 communi
2438 3755 2597 3814 silua
2659 3755 3000 3814 eorundem
3048 3772 3155 3811 no-

589 3862 802 3922 bilium
849 3862 1038 3922 castri
1106 3863 1554 3941 Zagrabiensis
1601 3864 1762 3923 vltra
1829 3863 2091 3922 fluuium
2136 3864 2318 3922 Buna
2365 3872 2674 3936 vocatum,
2744 3861 2997 3939 propria
3044 3880 3159 3919 sua

593 3970 962 4031 auctoritate
1013 3978 1076 4029 et
1119 3971 1412 4048 potencia
1478 3970 1817 4048 recepisset
1865 3980 1927 4029 et
1976 3970 2355 4044 abduxisset,
2426 3970 2539 4029 sed
2586 3970 2663 4029 de
2710 3987 2970 4027 numero
3018 3962 3158 4045 por*—

591 4058 804 4137 corum
847 4086 1242 4155 receptorum
1289 4080 1447 4139 scire
1481 4079 1817 4158 nequisset,
1867 4086 1928 4137 et
1959 4078 2393 4137 nichilominus
2441 4086 2567 4137 tres
2602 4085 2887 4155 pastores
2937 4095 3157 4136 eorun-

593 4186 733 4244 dem
767 4204 1099 4263 porcorum
1131 4205 1244 4263 per
1275 4186 1480 4263 ipsum
1513 4186 1890 4266 Gregorium
1928 4187 2296 4259 ablatorum,
2337 4185 2469 4263 ipse
2504 4184 2848 4263 Gregorius
2881 4174 3159 4242 vestibus

593 4310 809 4351 eorum
856 4292 1241 4353 denudasset
1273 4301 1334 4351 et
1366 4294 1764 4353 verberasset
1812 4301 1875 4353 et
1914 4293 2299 4371 captiuasset
2345 4300 2406 4351 et
2452 4288 2735 4349 tamdiw'
2786 4290 2846 4348 in
2897 4288 3155 4348 vinculis

591 4399 722 4458 suis
771 4408 993 4477 captos
1027 4400 1411 4474 detinuisset,
1461 4401 1660 4459 donec
1710 4420 1822 4460 sue
1855 4401 2197 4479 placuisset
2242 4398 2561 4459 voluntati.
2612 4398 2844 4456 Datum
2890 4397 2952 4455 in
2998 4396 3157 4455 festo

592 4507 918 4567 beatorum
963 4506 1236 4567 Simonis
1286 4516 1349 4567 et
1393 4508 1545 4567 Iude
1596 4511 2040 4586 apostolorum,
2092 4528 2254 4567 anno
2304 4506 2537 4567 domini
2586 4504 2957 4582 supradictO.

807 4626 1090 4697 originale
1148 4628 1524 4698 chartaceum,
1575 4644 1612 4683 a
1668 4634 1818 4697 tergo
1875 4631 2129 4700 appressi
2190 4630 2353 4697 sigilli
2414 4626 2727 4695 vestigium.
2803 4626 2861 4678 In
2921 4625 3152 4679 archivo

595 4732 879 4771 commun.
917 4717 1048 4771 nob.
1075 4716 1144 4770 de
1171 4716 1492 4788 Turopolje.
1534 4718 1704 4773 Extat
1741 4718 1910 4773 etiam
1951 4719 2119 4789 copia
2156 4718 2395 4787 simplex
2437 4716 2644 4770 saeculi
2686 4714 2823 4767 xvi.
2865 4714 3160 4767 chartacea

591 4804 650 4857 in
687 4804 920 4859 archivo
967 4804 1119 4874 regni
1171 4805 1507 4874 Hungariae,
1567 4806 1961 4876 Budapestini:
2022 4807 2089 4860 M.
2130 4806 2193 4859 Ο.
2233 4807 2293 4861 D.
2334 4806 2391 4860 L.
2442 4807 2649 4866 33590.,
2706 4804 2841 4857 olim
2893 4803 2954 4857 N.
2992 4803 3055 4856 R.
3095 4804 3158 4855 A.

595 4894 729 4947 fasc.
769 4892 924 4947 1509.
966 4893 1069 4948 No.
1107 4894 1158 4949 2.

823 5019 837 5049 ¹
877 5020 972 5073 sic.
