3917 5592
746 438 868 517 154

1925 668 1959 735 1
1984 656 2130 737 04.

953 869 1138 929 Anno
1198 866 1381 929 1402.
1430 866 1488 928 3.
1539 868 1827 929 octobriS.
1876 869 2249 949 Zagrabiae.

741 1062 956 1129 Ianko
1025 1062 1107 1127 de
1168 1061 1601 1148 Mykclzowcz
1647 1082 1872 1127 comes
1940 1062 2190 1146 Campi
2239 1056 2752 1147 Zagrabiensis,
2827 1058 3312 1150 iobagionibus

739 1172 896 1236 suis
930 1170 1320 1255 fidedignis
1367 1171 1795 1236 nominatim
1841 1172 2207 1255 expressi-5⁸,
2254 1191 2351 1235 an
2400 1170 2722 1235 Brictius
2754 1170 2967 1256 filius
3021 1171 3313 1257 Georgii

742 1278 1090 1362 quondam
1124 1280 1404 1361 supani,
1429 1277 1801 1343 cuiusdam
1827 1278 2305 1361 possessionis
2332 1276 2690 1361 litigiosae
2718 1298 2932 1343 verus
2954 1283 3318 1363 possessor

1177 1386 1294 1467 sit,
1343 1386 1713 1471 inquirant
1761 1385 2035 1470 ipsique
2080 1384 2453 1469 referram,
2498 1385 2858 1470 praecipit.

957 1584 1090 1643 Nos
1159 1584 1354 1644 Ianko
1402 1584 1481 1644 de
1529 1584 1943 1661 Mykchowcz
2015 1602 2227 1644 comes
2275 1583 2503 1662 Campi
2570 1584 3017 1665 Zagrabiensis
3084 1604 3158 1645 ac
3220 1586 3314 1644 Io-

744 1692 985 1751 hannes
1032 1692 1195 1751 filius
1243 1692 1512 1751 condam
1545 1691 1868 1752 Benedicti
1914 1692 2195 1771 lagnych
2225 1692 2303 1751 de
2334 1691 2654 1770 Superiori
2701 1693 3056 1753 Lukaweez
3105 1711 3317 1753 comes

744 1800 1054 1859 terrestris
1103 1800 1384 1860 eiusdem
1419 1800 1647 1880 Campi
1694 1800 1995 1860 memorie
2043 1800 2557 1860 commendamus
2602 1818 2715 1878 per
2759 1808 3101 1878 presenteS,
3149 1800 3317 1879 quod

748 1927 890 1967 cum
937 1926 1054 1967 nos
1103 1908 1184 1967 ad
1230 1908 1566 1967 instantem
1611 1906 1987 1986 peticionem
2020 1905 2245 1966 Briccii
2290 1906 2397 1967 filii
2430 1905 2689 1987 Georgii
2738 1908 3007 1967 condam
3052 1907 3318 1986 suppani

753 2016 920 2092 olym
968 2014 1195 2092 Campi
1240 2014 1704 2095 Zagrabiensi8‚
1751 2014 1993 2074 nobiles
2040 2013 2209 2073 viros
2239 2013 2490 2074 Gallum
2537 2014 2730 2073 filium
2780 2016 3023 2075 Thome
3072 2016 3149 2074 de
3197 2016 3317 2073 Lu-

755 2122 1018 2197 kauech,
1065 2123 1331 2182 Paulum
1377 2122 1572 2181 filium
1619 2122 1836 2199 B1a[sii
1884 2121 1985 2199 de]
2035 2121 2269 2196 Mlaka,
2317 2121 2612 2201 Egidium
2678 2122 2869 2181 filium
2918 2122 3187 2181 Emerici
3237 2122 3314 2181 de

754 2230 978 2291 eadem
1024 2249 1142 2290 nec
1189 2249 1313 2289 non
1345 2229 1754 2290 Benedictum
1802 2229 1993 2290 filium
2024 2229 2193 2289 Petri
2239 2229 2621 2289 Zrinschack
2672 2230 2903 2289 dictum
2951 2232 3030 2291 de
3078 2232 3319 2301 eadem,

747 2336 1186 2418 iobagionibus
1233 2338 1460 2397 nostris
1490 2332 1874 2417 fidedignis,¹
1907 2337 1986 2397 de
2020 2337 2170 2397 sede
2219 2344 2432 2396 nostra
2480 2337 2800 2397 iudiciaria
2848 2338 3030 2398 solita
3074 2338 3312 2417 Zagra-

751 2445 968 2519 biensi,
1029 2443 1186 2504 feria
1233 2444 1512 2503 secunda
1568 2444 1851 2522 proxima
1899 2451 2043 2503 ante
2088 2443 2319 2504 festum
2383 2444 2551 2503 beati
2598 2443 2881 2520 Dyonisii
2930 2445 3321 2518 confessoriS,

753 2554 832 2612 ad
900 2552 1218 2630 quandam
1267 2551 1614 2611 sessionem
1671 2550 2114 2631 litigionariam
2160 2550 2382 2629 prefati
2436 2550 2676 2625 Briccii,
2725 2551 2884 2611 inter
2947 2552 3213 2611 eundem
3262 2560 3323 2611 et

749 2658 911 2719 inter
955 2659 1218 2719 Paulum
1267 2658 1346 2719 de
1395 2660 1798 2734 Ternowecz,
1871 2677 1985 2738 pro
2034 2678 2162 2738 qua
2207 2659 2452 2737 litigant
2499 2679 2631 2720 sew
2678 2659 2816 2720 lites
2863 2660 3112 2735 habent,
3160 2661 3320 2721 serie

749 2767 1144 2845 presencium
1192 2766 1634 2826 committimus
1682 2776 1745 2827 et
1791 2768 2181 2841 mandamuS,
2229 2774 2539 2846 quatenus
2588 2786 2731 2827 mox
2776 2768 3004 2828 habitis
3053 2769 3133 2829 ad
3180 2788 3318 2847 pre·

751 2873 942 2933 fatam
991 2874 1338 2953 sessionem
1387 2873 1724 2953 litigiosam
1759 2874 2137 2947 accedendo,
2187 2874 2405 2933 vicinis
2454 2884 2516 2933 et
2562 2875 3010 2935 commetaneis
3057 2894 3208 2936 vere
3258 2885 3321 2935 et

752 2980 911 3040 iuste
961 2980 1038 3040 ab
1089 2980 1327 3040 eisdem
1373 2980 1681 3040 veraciter
1728 2980 1975 3055 rescire,
2038 2981 2091 3039 si
2137 2980 2416 3058 prefatus
2464 2980 2741 3041 Briccius
2806 2981 2884 3041 sit
2929 3000 3119 3040 verus
3175 3001 3317 3060 pos-

755 3106 966 3147 sessor
1033 3086 1191 3147 illius
1255 3088 1568 3161 sessioniS,
1642 3107 1721 3147 an
1770 3088 1903 3166 ipse
1976 3087 2210 3148 Paulus
2275 3096 2337 3147 et
2399 3107 2542 3148 cum
2611 3087 2827 3148 litteris
2898 3088 3322 3149 instrumentis

755 3196 981 3256 abinde
1052 3215 1266 3256 veram
1314 3197 1482 3256 viam
1552 3196 1831 3256 invenire
1899 3205 1962 3256 et
2022 3196 2186 3255 iusto
2258 3197 2445 3256 modo
2493 3197 2739 3270 rescire,
2809 3216 3000 3275 quam
3068 3198 3323 3257 tandem

754 3323 969 3363 'veram
1018 3304 1184 3362 viam
1233 3304 1460 3363 iustam
1506 3303 1686 3363 nobis
1733 3302 1796 3364 in
1844 3302 2173 3382 quindenis
2206 3303 2483 3381 predicte
2529 3303 2681 3363 ferie
2730 3323 2943 3363 rursus
2989 3303 3052 3363 in
3100 3305 3319 3364 sedem

758 3417 1036 3469 nostram
1099 3410 1484 3470 iudiciariam
1532 3411 1912 3470 verbotenus
1978 3410 2209 3470 referre
2258 3419 2322 3470 et
2367 3410 2628 3472 recitare
2697 3412 2996 3471 debeatis,
3090 3413 3320 3472 Datum

756 3516 1087 3596 Zagrabie‚
1158 3518 1436 3578 secundo
1485 3518 1584 3578 die
1633 3518 1755 3578 diei
1801 3518 2079 3595 predicte
2126 3518 2278 3578 ferie
2327 3520 2619 3593 secunde,
2692 3538 2855 3579 anno
2904 3519 3137 3579 domini
3186 3521 3318 3579 mil-

756 3624 972 3684 lesimo
1021 3624 1636 3705 quadringentesimo
1685 3626 1979 3685 secundO.

971 3732 1058 3789 In
1127 3731 1404 3792 dorso:
1477 3731 1802 3792 Nobilibus
1851 3733 1999 3793 viris
2066 3732 2247 3793 Gallo
2295 3734 2419 3793 filio
2491 3733 2734 3793 Thome
2800 3734 2879 3794 de
2943 3734 3320 3806 Lukawech,

759 3838 954 3899 Paulo
1001 3839 1127 3899 filio
1176 3839 1368 3899 Blasii
1415 3841 1494 3899 de
1542 3841 1774 3914 Mlaka,
1841 3841 2068 3920 Egidio
2118 3841 2243 3901 filio
2306 3842 2575 3901 Emerici
2622 3842 2700 3902 de
2749 3842 2971 3902 eadem
3034 3861 3152 3903 nec
3198 3861 3323 3902 non

759 3946 1100 4007 Benedicto
1149 3946 1274 4006 filio
1321 3947 1490 4007 Petri
1539 3948 1617 4007 de
1667 3949 1892 4008 eadem
1938 3948 2171 4021 Mlaka‚
2228 3948 2667 4029 iobagionibus
2714 3949 2941 4009 nostris
2990 3948 3323 4030 fidedignis

762 4055 840 4113 de
888 4054 1038 4113 sede
1109 4062 1323 4114 nostra
1387 4054 1708 4114 iudiciaria
1780 4056 1962 4116 solita
2022 4056 2456 4136 Zagrabiensi,
2507 4076 2621 4135 pro
2675 4066 2851 4136 parte
2921 4056 3145 4117 Briccii
3215 4056 3321 4117 filii

763 4159 1021 4241 Georgii
1067 4162 1331 4240 suppani
1365 4161 1444 4221 de
1477 4162 1845 4236 Korilowcz,
1893 4182 2084 4242 super
2129 4164 2448 4242 quandam
2488 4164 2837 4224 sessionem
2880 4164 3324 4244 litigionariam

761 4269 825 4329 in
873 4269 1095 4328 eadem
1167 4268 1519 4328 Korilowcz
1591 4289 1704 4329 suo
1751 4270 1940 4329 modo
2011 4270 2471 4349 intrascriptam
2548 4280 2644 4332 est
2695 4272 3074 4351 reportanda
3120 4279 3183 4333 et
3228 4291 3324 4332 re-

764 4377 1030 4437 citanda.

976 4514 1259 4586 Originale
1284 4518 1661 4573 chartaceum.
1699 4518 1748 4572 A
1773 4522 1928 4586 tergo
1968 4520 2203 4587 apparet
2227 4519 2526 4588 vestigium
2579 4519 2761 4590 sigilli,
2803 4494 2915 4589 quo
2944 4518 3105 4576 litera
3130 4522 3325 4576 clausa

763 4609 936 4661 erant.
973 4607 1034 4662 ln
1071 4608 1304 4664 archivo
1343 4608 1702 4664 accademiae
1741 4608 1936 4664 scient.
1978 4606 2198 4664 Slavor.
2240 4609 2434 4664 mei-id.
2473 4611 2796 4680 Zagrabiae.

915 4714 918 4718 ¹
981 4734 998 4766 ¹
1034 4734 1115 4788 sic
1155 4733 1509 4804 (iobagiones
1545 4737 1770 4789 nostros
1811 4733 2170 4806 fidedignos).
