3917 5592
3050 434 3138 511 6'7

576 662 1054 745 priuilegialium
1087 664 1321 724 domini
1351 637 1604 723 Andree
1637 663 1806 744 regis
1839 664 2111 724 veridice
2146 665 2566 745 cog-uouisset,
2614 665 2756 725 ideo
2791 664 3138 743 predictam

575 779 739 831 terre
784 770 1152 849 particulam
1199 771 1551 851 litigiosam,
1586 790 1775 851 super
1821 771 1998 831 cuius
2044 772 2210 831 facto
2256 771 2562 850 premissa
2608 772 2729 831 litis
2762 772 3140 851 disceptacio

575 887 747 938 mota
795 885 858 938 et
902 878 1204 939 hactenus
1251 877 1414 939 inter
1459 878 1629 957 ipsos
1676 886 1958 959 pretacto
2007 880 2195 939 modo
2240 878 2464 939 fuisset
2510 879 2824 953 ventilata,
2874 879 2992 958 ipsi
3038 900 3139 940 ca-

575 986 768 1065 pitulo
814 986 1229 1066 Zagrabiensi
1287 1005 1430 1046 cum
1477 986 1765 1046 omnibus
1827 986 1957 1045 suis
2004 985 2369 1047 vtilitatibus
2433 994 2495 1047 et
2557 986 2953 1065 pertinenciis
3006 988 3139 1048 vni·

575 1093 791 1169 uersiS,
838 1094 1012 1154 iuxta
1043 1093 1270 1154 seriem
1317 1095 1682 1155 earumdem
1709 1094 2057 1154 litterarum
2103 1092 2584 1175 priuilegialium
2615 1094 2847 1155 domini
2886 1096 3141 1156 Andree

577 1200 746 1282 regis
811 1210 874 1261 et
920 1220 1140 1261 cursus
1201 1211 1509 1262 metarum
1557 1201 1620 1261 in
1667 1202 1905 1262 eisdem
1968 1202 2205 1262 seriose
2254 1220 2711 1281 expressarum,
2776 1202 2947 1263 nulla
2991 1202 3139 1263 iuris

575 1309 954 1387 proprietate
1017 1310 1268 1369 nullove
1316 1308 1589 1370 dominio
1654 1310 1882 1369 amodo
1929 1308 1992 1369 in
2039 1316 2361 1388 posterum
2427 1309 2546 1370 sibi
2593 1318 2655 1370 et
2701 1311 2829 1370 suis
2892 1330 3137 1372 succes-

577 1417 822 1477 soribus
895 1418 1232 1477 reservatis
1295 1417 1358 1476 in
1411 1418 1652 1491 eadem,
1726 1417 2136 1497 relinquisset,
2208 1417 2553 1479 remisisset
2615 1427 2677 1478 et
2737 1418 3139 1499 resignasset,

574 1543 786 1601 ymmo
851 1543 926 1583 ex
990 1544 1157 1584 nunc
1224 1524 1420 1583 nostri
1465 1525 1528 1584 in
1575 1525 1906 1603 presencia
1974 1525 2221 1605 reliquit
2267 1533 2329 1585 et
2376 1525 2613 1585 remisit
2674 1534 2738 1586 et
2801 1526 3145 1605 resignavit

575 1638 878 1709 perpetuo
913 1639 976 1691 et
1005 1630 1494 1691 irrevocabiliter
1524 1631 1987 1709 possidendam,
2020 1632 2359 1692 tenendam
2390 1612 2640 1710 semper
2671 1641 2734 1692 et
2763 1632 3136 1693 habendam.

574 1739 642 1797 In
689 1738 864 1798 cuius
926 1738 1421 1816 possessionarie
1469 1738 1924 1818 resignacionis
1988 1739 2411 1799 testimonium
2458 1740 2939 1819 firmitatemque
3000 1760 3138 1819 per·-

573 1854 846 1923 petuam,
891 1865 971 1905 ne
1004 1845 1310 1924 premissa
1356 1844 1855 1924 possessionaria
1887 1846 2241 1925 resignacio
2288 1854 2489 1906 tractu
2521 1847 2819 1925 temporis
2865 1849 3137 1926 calump-

573 1952 887 2013 niancium
934 1953 1399 2035 importunitate
1448 1954 1647 2032 possit
1693 1962 1756 2013 et
1801 1954 2012 2014 valeat
2044 1953 2383 2027 retractari,
2430 1964 2758 2031 presentes
2805 1954 2922 2032 ipsi
2970 1954 3137 2033 capi-

573 2060 702 2119 tulo
767 2060 1182 2141 Zagrabiensi
1241 2060 1482 2122 litteras
1528 2069 1776 2120 nostras
1835 2059 2258 2141 priuilegiales
2304 2062 2635 2139 pendentis
2696 2061 2882 2141 sigilli
2925 2062 3138 2121 'nostri

575 2168 868 2229 autentici
915 2169 1256 2230 munimine
1306 2170 1631 2229 roboratas
1679 2168 1969 2229 duximus
2016 2170 2471 2229 concedendas
2527 2170 2760 2228 Datum
2805 2168 3137 2251 Zagrabie,

573 2282 750 2335 sexto
819 2278 918 2337 die
980 2285 1347 2337 octauarum
1394 2276 1534 2337 testi
1595 2296 1823 2355 passce
1883 2277 2117 2336 domini
2164 2276 2601 2355 predictarum,
2673 2296 2837 2336 anno
2904 2276 3138 2336 domini

573 2378 912 2445 M⁰.CCC⁰.
960 2384 1498 2465 quinquagesimo,

787 2521 1072 2591 Originale
1110 2525 1553 2578 membraneum.
1591 2524 1638 2577 A
1683 2540 1828 2577 zona
1866 2524 2083 2577 sericea
2127 2525 2297 2578 rubra.
2333 2524 2541 2594 pendet
2582 2522 2831 2578 attritum
2872 2521 3135 2590 sigillum.

573 2612 632 2665 In
671 2612 904 2667 archivo
943 2614 1174 2682 capituli
1213 2615 1342 2671 eccl.
1367 2613 1786 2683 Zagrabiensis:
1817 2614 1956 2671 Acta
1982 2614 2145 2693 capit.
2184 2614 2417 2688 antiqua
2455 2614 2587 2671 fasc.
2614 2612 2685 2671 23
2739 2611 2840 2670 No.
2869 2610 2918 2668 7.

791 2737 805 2767 ¹
843 2738 940 2793 sic.

1776 2990 1920 3062 88.

779 3156 964 3215 Anno
1021 3153 1204 3215 1352.
1255 3154 1356 3215 25.
1405 3156 1624 3216 martii.
1673 3158 1908 3219 Eudae.

569 3312 956 3378 Lodovicus
1019 3312 1441 3398 Hungariae
1501 3318 1617 3379 etc.
1670 3336 1806 3395 rex,
1861 3317 2326 3401 privilegium
2390 3315 2643 3380 Karoli
2710 3315 3131 3401 Hungariae

565 3422 684 3485 etc,
734 3421 922 3506 regis
967 3442 1028 3485 a.
1079 3436 1232 3502 1335.
1280 3439 1343 3499 4.
1392 3422 1577 3500 iulii,
1648 3444 1780 3509 quo
1828 3422 2180 3488 libertates
2226 3422 2673 3508 iobagionum
2734 3424 2953 3489 castri
2998 3423 3127 3489 Za·

1153 3529 1554 3613 grabiensis
1599 3530 2134 3615 confirmantur,
2182 3529 2511 3614 ratificat.

773 3694 907 3753 Nos
957 3694 1309 3754 Lodouicus
1357 3694 1460 3753 dei
1488 3694 1705 3773 gracia
1753 3714 1860 3754 rex
1907 3696 2235 3775 Hungarie
2267 3694 2565 3754 memorie
2614 3695 3125 3755 commendantes

561 3806 778 3862 tenore
825 3802 1220 3880 presencium
1276 3802 1704 3882 significamus
1752 3802 1978 3881 quibus
2042 3803 2293 3880 expedit
2339 3802 2663 3873 vniuersiS,
2729 3803 2898 3881 quod
2942 3803 3125 3863 Iaksa

561 3927 770 3968 comes
834 3910 1146 3969 terrestris
1207 3919 1269 3969 et
1332 3910 1556 3968 Petrus
1627 3908 1789 3968 filius
1836 3908 2015 3968 Pauli
2086 3908 2337 3988 iobagio
2401 3910 2587 3969 castri
2657 3908 3119 3989 Zagrabiensi3‚

559 4016 776 4075 fideles
823 4016 1036 4091 nostri,
1084 4017 1214 4076 suis
1262 4024 1324 4075 et
1371 4016 1806 4075 vniuersorum
1853 4016 2261 4095 iobagionum
2310 4016 2497 4076 castri
2545 4016 2826 4077 eiusdem
2874 4016 3012 4076 vice
3062 4024 3124 4077 et

557 4123 910 4183 nominibus
958 4124 1040 4184 ad
1086 4124 1468 4184 celsitudinis
1539 4131 1748 4184 nostre
1812 4124 2172 4183 accedendo
2235 4124 2641 4202 presenciam,
2713 4124 3123 4184 exhibuerunt

559 4230 738 4289 nobis
796 4231 1104 4310 quasdam
1164 4231 1402 4291 litteras
1464 4239 1751 4309 patentes
1813 4230 2005 4290 incliti
2051 4231 2345 4309 principis
2411 4232 2643 4290 domini
2701 4230 2914 4291 Karoli
2976 4231 3120 4291 olim

556 4336 806 4399 illustris
853 4338 1023 4419 regis
1055 4338 1401 4419 Hungarie,
1448 4338 1750 4418 genitoris
1797 4338 1993 4398 nostri
2023 4337 2335 4399 karissimi
2380 4338 2481 4416 pie
2515 4338 2836 4412 memorie,
2884 4338 3120 4398 litteras

553 4444 975 4525 priuilegiales
1023 4445 1256 4505 domini
1301 4444 1580 4505 Ladizlai
1629 4446 1796 4525 regis
1843 4445 2307 4523 predecessoris
2356 4446 2550 4503 nostri
2598 4464 2787 4522 super
2832 4444 3117 4504 libertate

553 4554 830 4632 ipsorum
878 4552 1212 4628 confectaS‚
1261 4552 1692 4613 confirmatiue
1725 4554 2210 4613 transcribentes
2258 4552 2491 4612 tenoris
2534 4549 2925 4630 infrascripti,
2974 4570 3118 4629 sup-

549 4660 852 4739 plicantes
899 4667 1112 4719 nostre
1160 4659 1509 4720 celsitudini
1569 4678 1756 4738 prece
1806 4659 2168 4734 subiectiua,
2240 4668 2305 4719 vt
2352 4659 2609 4719 easdem
2657 4659 2734 4718 de
2791 4659 2985 4718 verbo
3034 4660 3116 4717 ad

551 4769 813 4829 verbum
857 4768 1188 4830 transcribi
1236 4774 1299 4827 et
1342 4768 1734 4847 transumpni
1777 4766 2067 4828 faciendo
2122 4768 2491 4830 confirmare
2555 4766 2958 4847 dignaremur
3003 4786 3116 4845 pro

551 4876 804 4937 eisdem.
854 4877 1140 4953 Quarum
1187 4884 1367 4936 tenor
1411 4875 1552 4935 talis
1602 4883 1726 4936 est:
1779 4875 2031 4953 (Vide
2078 4876 2256 4935 doc.
2306 4873 2519 4935 anni
2560 4872 2743 4935 1333.
2792 4873 2850 4935 4.
2900 4874 3159 4958 ἰιιίἰὶι

549 5005 582 5053 s
607 5006 648 5051 u
671 4986 712 5053 b
757 4986 874 5047 No,
923 4983 1070 5072 49.).
1117 4986 1251 5045 Nos
1297 4985 1508 5073 itaque
1554 4984 1928 5073 peticionem
1976 4984 2236 5072 predicti
2285 4985 2469 5052 Iaksa
2518 4984 2759 5051 comitis
2808 4982 3115 5043 terrestris
