3917 5592
698 451 828 512 262

705 668 1116 727 Scolasticam
1147 666 1403 727 iuridice
1435 674 1621 745 atque
1653 666 1989 727 literatorie
2024 675 2489 741 concernenteS,
2523 687 2666 726 cum
2697 666 2983 727 omnibus
3031 687 3251 728 earun-

702 775 847 834 dem
895 774 1178 834 totalium
1224 772 1694 851 possessionum
1743 782 1806 833 et
1849 773 2215 853 porcionum
2267 774 2920 853 possessionariarum,
2966 782 3099 833 tam
3142 792 3251 834 no-

700 880 912 941 bilium
961 900 1151 960 quam
1199 882 1704 959 quartaliciarum
1771 882 2153 957 utilitatibus,
2217 881 2450 957 usibus,
2519 882 2925 961 proventibus
2988 890 3051 941 et
3114 901 3251 961 per-

695 988 980 1048 tinenciis
1049 988 1372 1063 universis,
1439 988 1518 1049 ab
1583 990 1806 1049 eadem
1861 989 2117 1049 domina
2203 989 2547 1049 Scolastica
2622 990 2704 1049 ad
2770 1008 2840 1049 se
2902 988 2964 1049 in
3025 989 3253 1069 pignus

695 1094 930 1155 habere
978 1103 1041 1155 et
1087 1096 1364 1173 recipere
1427 1096 1771 1156 voluissent
1817 1115 1899 1155 an
1960 1115 2119 1171 non;
2170 1104 2317 1156 tunc
2364 1114 2581 1156 omnes
2630 1104 2693 1156 et
2738 1095 2985 1176 sing-uli·
3011 1094 3253 1171 fratreS,

697 1204 882 1263 vicini
930 1211 992 1264 et
1037 1202 1454 1263 commetanei
1501 1202 1841 1281 supradicti
1887 1202 2083 1281 ipsius
2109 1202 2359 1263 domine
2390 1204 2750 1277 Scolastice,
2797 1222 2911 1281 per
2941 1202 3250 1281 prefatum

697 1310 973 1370 Blasium
1021 1309 1420 1390 iobagionem
1467 1320 1748 1370 nostrum
1794 1310 2205 1391 fiidedignum
2254 1308 2525 1385 amoniti,
2573 1311 2779 1371 eidem
2824 1310 3034 1370 Blasio
3081 1310 3251 1370 ioba-

697 1417 868 1497 gioni
915 1426 1128 1477 nostro
1193 1418 1513 1498 fidedigno
1561 1437 1636 1478 eo
1685 1419 1872 1478 modo
1935 1419 2392 1497 responderunt
2453 1425 2515 1478 et
2577 1419 2932 1492 retulerunt,
2994 1426 3062 1477 ut
3118 1416 3253 1497 ipsi,

697 1525 1010 1603 predictas
1077 1526 1510 1603 possessiones
1582 1534 1645 1586 et
1705 1526 2037 1604 porciones
2100 1526 2629 1604 possessionarias
2699 1524 2938 1604 prefate
3002 1524 3251 1585 domine

704 1631 1066 1705 Scolastice,
1115 1640 1244 1692 tam
1291 1633 1529 1693 nobiles
1589 1652 1778 1711 quarn
1841 1633 2240 1712 quartalicias
2301 1634 2365 1694 in
2421 1634 2665 1711 prefata
2725 1633 2938 1695 Mlaka
2996 1641 3059 1691 et
3119 1632 3253 1691 eius

696 1739 1061 1817 petinenciis
1109 1758 1221 1799 seu
1270 1739 1468 1799 eciam
1525 1740 1679 1799 alias
1747 1740 1949 1800 ubivis
2011 1740 2257 1800 habitas
2306 1749 2369 1800 et
2432 1740 2786 1815 existentes,
2849 1738 3071 1817 quovis
3136 1758 3273 1815 no·-

697 1844 880 1905 minis
927 1846 1234 1906 vocabulo
1281 1848 1606 1921 vocitataS,
1655 1856 1722 1906 ut
1750 1848 2074 1926 prefertur,
2108 1867 2253 1908 cum
2283 1867 2499 1908 earum
2548 1846 2909 1907 utilitatibus
2958 1855 3020 1907 et
3065 1846 3253 1924 perti-

699 1952 936 2012 nenciis
971 1953 1279 2013 universis
1311 1954 1702 2032 supradictiS,
1734 1955 1810 2013 ab
1845 1954 1985 2032 ipsa
2013 1955 2265 2015 domina
2295 1955 2641 2016 Scolastica
2673 1954 2754 2014 ad
2801 1974 2870 2014 se
2917 1954 2981 2013 in
3026 1954 3255 2033 pig-nus

698 2060 976 2137 recipere
1025 2067 1089 2119 et
1132 2060 1366 2120 habere
1413 2060 1666 2121 minime
1714 2062 2061 2135 voluerunt,
2108 2062 2223 2121 sed
2254 2062 2471 2140 pocius
2520 2063 2779 2122 easdem
2824 2061 3259 2139 possessiones

699 2175 762 2227 et
811 2166 1138 2243 porciones
1184 2168 1716 2245 possessionarias
1764 2170 2046 2230 eiusdem
2112 2170 2360 2229 domine
2406 2169 2766 2242 Scolastice,
2832 2178 2961 2229 tam
3020 2168 3259 2229 nobiles

701 2293 888 2352 quam
923 2274 1326 2353 quartalicias
1360 2294 1503 2334 cum
1537 2273 1753 2335 earum
1786 2276 2151 2336 utilitatibus
2181 2283 2245 2336 et
2282 2275 2680 2354 pertinenciis
2730 2294 2805 2335 ac
2851 2277 3257 2353 proventibus

698 2389 761 2441 et
827 2381 1358 2442 fructuositatibus
1430 2382 1755 2457 universis,
1819 2384 2025 2443 eidem
2092 2384 2341 2443 domine
2407 2383 2765 2458 Scolastice,
2817 2384 3077 2443 liberam
3134 2383 3258 2443 cui-

699 2507 943 2566 cunque
991 2489 1256 2549 voluerit
1296 2489 1740 2570 inpignorandi
1787 2492 2161 2551 remiserunt
2220 2491 2597 2551 facultatzm.
2647 2492 2878 2551 Datum
2925 2491 3257 2571 Zagrabie,

699 2594 854 2655 feria
904 2596 1183 2656 secunda
1228 2596 1510 2674 proxima
1557 2606 1703 2657 ante
1749 2597 1979 2658 festum
2041 2600 2226 2659 beate
2290 2599 2634 2676 Elyzabeth
2682 2598 2887 2672 -vidue,
2938 2617 3102 2658 anno
3151 2599 3258 2657 do-

699 2702 864 2762 mine
912 2702 1238 2762 millesimo
1286 2705 1905 2784 quadringentesimo
1953 2707 2439 2786 quadragesimo
2486 2706 2695 2766 tercio.

914 2842 1196 2911 Originale
1235 2844 1611 2913 chartaceum,
1651 2860 1688 2897 a
1725 2848 1878 2914 tergo
1919 2862 2190 2915 appressa
2229 2849 2360 2900 sunt
2399 2847 2510 2900 duo
2551 2846 2747 2914 sigilla,
2788 2861 2965 2899 unum
3003 2845 3257 2915 attritum,

706 2931 860 2986 aliud
897 2932 1102 3001 partim
1155 2936 1527 3000 asservatum,
1581 2933 1856 2989 exhibens
1905 2939 2146 2997 scutum,
2202 2936 2261 2989 in
2314 2951 2426 3004 quo
2478 2934 2771 2989 brachium
2821 2936 3133 2989 humanum
3185 2934 3257 2988 ad

706 3022 961 3075 dextram
1002 3021 1143 3075 scuti
1200 3025 1417 3090 partem
1457 3038 1700 3092 venum,
1758 3022 1816 3076 in
1855 3040 2026 3078 manu
2080 3026 2299 3079 clavam
2356 3024 2617 3092 tenendo,
2674 3024 2820 3077 inter
2861 3012 3151 3078 brachium
3204 3027 3261 3078 et

697 3111 919 3164 clavam
968 3113 1055 3165 est
1103 3112 1280 3180 stella,
1320 3111 1465 3165 infra
1522 3115 1712 3166 autem
1761 3112 1951 3168 media
2005 3114 2142 3168 luna
2196 3114 2478 3169 cornubus
2538 3129 2759 3167 sursum
2834 3113 3011 3167 versis
3070 3112 3259 3182 posita

698 3214 822 3252 esse
877 3198 1089 3253 visitur.
1147 3199 1226 3253 De
1275 3199 1666 3254 circunferenti
1723 3202 2001 3270 scriptura
2053 3203 2159 3270 legi
2218 3204 2404 3258 solum
2440 3205 2651 3271 potest:
2703 3202 2739 3270 †
2797 3202 2847 3256 S.
2900 3202 3030 3255 PET
3082 3242 3093 3256 .
3136 3244 3147 3255 .
3188 3243 3201 3255 .
3242 3239 3255 3253 .

696 3286 866 3341 NSIS.
906 3286 1170 3355 (sigillum
1211 3286 1357 3341 Petri
1398 3330 1408 3341 .
1449 3330 1462 3343 .
1503 3332 1515 3344 .
1557 3331 1568 3343 .
1609 3289 1768 3358 usis).
1808 3291 1870 3343 In
1918 3291 2152 3346 archivo
2204 3306 2421 3359 regnor.
2472 3290 2529 3345 C.
2586 3290 2641 3345 S.
2694 3294 2749 3345 et
2799 3291 2860 3345 D.
2912 3290 3256 3359 Zagrabiae:

697 3376 829 3430 Doc.
869 3376 1040 3431 medii
1080 3376 1207 3431 aevi
1247 3394 1296 3431 a.
1337 3376 1492 3433 1443.

1874 3720 2085 3792 248.

912 3917 1099 3977 Anno
1156 3914 1339 3978 1444.
1389 3915 1492 3979 23.
1539 3918 1849 3979 februarii.
1899 3920 2271 4000 Zagrabiae.

704 4109 959 4174 Coram
1007 4108 1318 4175 Iohanne
1380 4109 1747 4195 Rayachar
1788 4112 2036 4175 comite
2088 4110 2336 4196 Campi
2382 4111 2879 4197 Zagmbiensis
2922 4132 3004 4176 ac
3051 4112 3257 4176 Petro

688 4214 852 4300 filio
901 4214 1240 4281 Iohannis
1285 4216 1367 4281 de
1410 4216 1662 4295 Mlaka,
1708 4220 1956 4283 comite
2004 4219 2322 4284 terrestri
2366 4220 2671 4284 eiusdem
2725 4218 2990 4303 Campi,
3036 4220 3257 4285 Elena

687 4321 852 4405 filia
913 4322 1148 4388 Miren
1213 4324 1294 4387 de
1366 4324 1834 4409 Rakythowcz,
1886 4328 2360 4411 possess-iones
2430 4348 2600 4390 suas
2662 4328 2740 4390 in
2807 4325 3258 4411 Rakythowcz

1274 4429 1564 4510 habitas,
1620 4432 1921 4518 Georgio
1956 4432 2120 4518 filio
2167 4454 2289 4498 suo
2328 4434 2679 4518 propinat.

913 4648 1048 4707 Nos
1093 4648 1402 4708 lohannes
1450 4650 1781 4725 Rayachar
1839 4668 2051 4709 comes
2121 4648 2345 4728 Campi
2416 4650 2863 4729 Zagrabiensis
2912 4670 2987 4710 ac
3032 4650 3257 4709 Petrus

697 4753 860 4813 filius
907 4754 1198 4815 Iohannis
1264 4756 1342 4814 de
1405 4756 1636 4830 Mlaka,
1693 4775 1904 4815 comes
1967 4756 2277 4816 terrestris
2341 4756 2620 4816 eiusdem
2669 4756 2895 4835 Campi
2958 4756 3255 4816 memorie

701 4863 1217 4922 commendamus
1287 4870 1502 4945 tenore
1565 4864 1959 4942 presencium
2027 4863 2454 4944 significantes
2516 4864 2739 4942 quibus
2811 4864 3061 4942 expedit
3124 4863 3254 4923 uni-

695 4970 914 5042 versiS,
963 4969 1130 5047 quod
1192 4968 1415 5030 nobilis
1478 4970 1730 5029 domina
1799 4971 2003 5031 Elena
2065 4979 2307 5046 vocata,
2370 4970 2497 5030 filia
2544 4972 2809 5031 condam
2875 4971 3077 5030 Miren
3148 4970 3252 5031 filii
