3917 5592
776 419 908 480 274

778 635 1087 694 commisit
1170 652 1383 694 coram
1467 633 1647 693 nobis
1719 633 1983 711 quittum
2051 641 2112 693 et
2175 632 2533 710 expeditum
2612 639 2798 710 atque
2869 631 3196 710 pacificum
3281 639 3342 690 et

780 741 1137 801 omnimode
1208 740 1576 800 absolutum.
1640 741 1722 799 Et
1784 759 1928 799 cum
1991 741 2244 800 tandem
2293 757 2411 799 nos
2457 737 2727 816 peractis
2790 737 3110 816 premissis
3173 737 3342 797 iuxta

704 886 711 892 ·
778 845 1186 907 literatorium
1234 847 1599 906 mandatum
1664 846 1915 906 illustris
1965 845 2263 924 principis
2315 853 2378 904 et
2424 843 2673 915 domini,
2722 843 2956 903 domini
3003 843 3192 903 Vlrici
3239 843 3340 902 dei

775 954 991 1032 gracia
1060 953 1233 1027 Cih‘e,
1302 953 1721 1033 Ortenburge,
1788 953 2060 1033 Zagorie
2129 961 2190 1012 et
2253 959 2464 1012 cetera
2528 951 2787 1024 comitiS‚
2853 969 3094 1010 necnon
3159 949 3338 1030 regni

773 1061 1107 1122 Sclauonie
1171 1061 1334 1133 bani,
1401 1061 1633 1120 domini
1700 1061 1893 1121 nostri
1960 1060 2252 1140 graciosi,
2316 1079 2428 1138 per
2493 1059 2694 1137 ipsum
2761 1058 2940 1118 nobis
3003 1057 3336 1118 literatorie

778 1168 1121 1228 iniunctum
1174 1177 1359 1247 atque
1409 1167 1827 1242 commissum,
1876 1169 2076 1247 primo
2123 1177 2184 1228 et
2215 1167 2650 1245 principaliter,
2699 1185 2774 1226 ac
2821 1167 3069 1225 demum
3120 1167 3200 1224 ad
3247 1165 3334 1224 in·

780 1283 1050 1336 stantem
1099 1285 1160 1335 et
1207 1276 1325 1335 iuri
1358 1295 1699 1336 consonam
1746 1276 2120 1354 peticionem
2166 1274 2390 1354 prefati
2435 1273 2641 1353 Egidii
2691 1273 3015 1354 carnificiS,
3061 1273 3335 1351 prefatos

776 1383 943 1443 viros
992 1383 1233 1442 nobiles
1280 1383 1657 1464 Gregorium
1705 1383 1899 1442 filium
1961 1382 2156 1462 ipsius
2219 1382 2508 1442 Damiani
2557 1389 2619 1441 et
2665 1380 3074 1440 Benedictum
3140 1379 3332 1440 filium

781 1490 1005 1569 prefati
1052 1490 1315 1570 Georgii
1362 1491 1785 1568 Zthanchyeh,
1836 1510 1910 1550 ac
1944 1491 2208 1550 alterum
2240 1489 2646 1549 Benedictum
2696 1488 2887 1547 filium
2936 1487 3130 1566 ipsius
3163 1487 3330 1546 Petri

775 1597 1160 1674 Zrynschak,
1207 1597 1576 1678 iobagiones
1623 1597 1913 1657 videlicet
1959 1581 2206 1656 nostros
2270 1594 2640 1676 fidedignOS,
2701 1597 2778 1655 de
2843 1595 2992 1654 sede
3055 1594 3333 1654 similiter

774 1712 985 1764 nostra
1047 1703 1367 1764 iudiciaria
1427 1704 1607 1764 solita
1670 1704 2098 1784 Zagrabiensi‚
2163 1704 2314 1764 feria
2380 1704 2658 1763 secunda
2705 1701 2988 1780 proxima
3051 1710 3196 1761 ante
3242 1701 3330 1761 fe·

778 1819 941 1870 stum
991 1811 1175 1871 beate
1208 1811 1615 1892 Margarethe
1650 1811 1908 1891 virginis
1959 1819 2022 1870 et
2069 1811 2336 1871 martiris
2369 1810 2620 1884 Christi,
2667 1829 2832 1868 nunc
2880 1809 3158 1888 proxime
3191 1828 3329 1886 pre-

773 1916 1039 1992 teritum,
1067 1919 1147 1977 ad
1172 1917 1628 1996 infrascriptam
1658 1917 2244 1992 reambulacionem,
2272 1914 2802 1977 introduccionem
2828 1923 2891 1975 et
2917 1915 3329 1976 statucionem

772 2031 898 2084 tam
946 2024 1369 2102 predictarum
1436 2045 1623 2104 quam
1690 2023 2221 2104 infrascriptarum
2288 2003 2758 2102 possessionum
2822 2021 3328 2102 quartaliciarum

771 2130 1030 2210 predicti
1078 2131 1287 2211 Egidii
1352 2132 1661 2193 carnificis
1724 2131 2097 2207 faciendam,
2160 2132 2436 2212 legitime
2499 2131 3010 2204 destinassemuS,
3074 2130 3326 2189 tandem

772 2239 959 2298 iidem
1009 2239 1378 2318 iobagiones
1426 2240 1621 2299 nostri
1684 2239 1983 2319 fidedigni
2030 2239 2093 2298 in
2141 2239 2470 2318 quindenis
2526 2238 2803 2317 predicte
2851 2238 3003 2298 ferie
3051 2238 3325 2298 secunde

776 2346 999 2405 exinde
1050 2346 1133 2406 ad
1194 2366 1310 2406 nos
1360 2347 1593 2406 reversi
1662 2355 1723 2406 et
1770 2366 1883 2424 per
1927 2366 2044 2407 nos
2093 2346 2422 2426 diligenter
2487 2345 2780 2424 requisiti,
2829 2345 3008 2405 nobis
3071 2363 3325 2404 concor-

770 2453 927 2513 diter
975 2473 1050 2513 eo
1097 2455 1284 2514 modo
1333 2456 1689 2526 retulerunt,
1739 2464 1806 2513 ut
1852 2454 2001 2513 dum
2048 2454 2166 2531 ipsi
2214 2453 2315 2514 die
2364 2452 2673 2513 dominico
2719 2453 3003 2533 proximo
3050 2459 3193 2530 post
3237 2452 3324 2512 fe-

772 2569 935 2619 stum
980 2560 1149 2620 beati
1202 2560 1404 2621 Alexii
1448 2561 1840 2636 confessoriS,
1888 2580 2053 2620 nunc
2081 2560 2359 2639 proxime
2393 2560 2770 2638 preteritum,
2819 2566 2881 2620 et
2927 2559 3060 2619 aliis
3108 2557 3326 2618 diebus

772 2668 852 2727 ad
900 2667 961 2726 id
1012 2668 1171 2745 aptis
1220 2677 1283 2728 et
1330 2667 1797 2742 sufficientibuS,
1847 2670 1927 2728 ad
1975 2667 2171 2728 facies
2218 2667 2638 2746 predictarum
2687 2676 2749 2727 et
2794 2665 3324 2745 infrascriptarum

772 2773 1276 2851 quartaliciarum
1342 2776 1813 2853 possessionum
1877 2784 1939 2835 et
2004 2775 2368 2854 porcionum
2430 2774 3066 2854 possessionariarum
3130 2772 3324 2852 ipsius

768 2881 978 2960 Egidii
1024 2881 1349 2958 camificiS,
1396 2881 1615 2942 vicinis
1654 2893 1717 2944 et
1764 2882 2214 2943 commetaneis
2247 2883 2588 2943 earundem
2622 2880 2929 2942 universis
2975 2881 3124 2941 inibi
3171 2880 3322 2962 legi-

771 2988 917 3047 time
968 2989 1327 3048 convocatis
1376 2998 1439 3049 et
1484 2989 1878 3068 presentibus
1924 2990 2355 3062 accessissent,
2403 2996 2552 3049 tunc
2600 2990 2716 3067 ipsi
2761 2988 3074 3067 predictas
3105 3007 3324 3047 omnes

767 3105 969 3156 terras
1017 3096 1395 3157 sessionales
1441 3097 1637 3176 ipsius
1683 3097 1890 3178 Egidii
1951 3097 2260 3158 carnificis
2307 3096 2722 3175 quartalicias,
2783 3097 2973 3156 modo
3019 3095 3324 3174 premisso

767 3203 1135 3276 declarataS,
1168 3203 1287 3281 ipsi
1314 3203 1542 3284 Egidio
1572 3203 1848 3264 carnifici
1879 3205 2106 3283 partim
2133 3223 2246 3283 per
2269 3204 2614 3282 predictam
2637 3203 2954 3264 dominam
2986 3202 3324 3282 Agatham,

770 3329 1028 3370 uxorem
1099 3310 1439 3390 legitimam
1508 3311 1790 3371 eiusdem
1857 3312 2071 3391 Egidii
2136 3310 2461 3385 carnificis,
2533 3311 2820 3371 videlicet
2879 3318 3180 3389 quantum
3244 3309 3368 3392 ad·

766 3425 1033 3497 quatuor
1078 3418 1499 3478 dimensiones
1550 3420 1740 3499 vulgo
1788 3420 2000 3496 methy
2051 3419 2250 3479 dictas
2299 3422 2564 3479 donatas
2611 3419 2947 3478 literatorie
2994 3425 3057 3478 et
3101 3436 3321 3495 perpe·

766 3533 990 3600 tuataS,
1037 3527 1262 3604 partim
1312 3536 1519 3587 autem
1585 3536 1885 3606 quantum
1937 3529 2018 3588 ad
2067 3528 2350 3588 residuas
2397 3547 2506 3588 sex
2557 3529 2654 3588 vel
2703 3527 2856 3587 citra
2904 3525 3323 3587 dimensiones

765 3633 957 3714 vulgo
1006 3633 1283 3693 similiter
1327 3635 1539 3710 methy
1573 3634 1789 3708 dictem,
1838 3654 1952 3713 per
1997 3636 2305 3714 prefatum
2339 3637 2648 3695 Thomam
2695 3635 2884 3694 filium
2935 3634 3128 3713 ipsius
3177 3653 3322 3694 con·

765 3743 911 3801 dam
960 3741 1157 3800 Marci
1207 3741 1447 3819 supani,
1499 3741 1703 3801 eidem
1749 3742 1978 3823 Egidio
2026 3743 2316 3816 carnifici,
2380 3743 2620 3803 sororio
2667 3762 2781 3802 suo
2829 3761 2971 3802 cum
3033 3761 3322 3802 concam-

766 3847 1011 3908 bialiter
1067 3855 1200 3907 tum
1248 3868 1361 3926 pro
1424 3849 1636 3928 fatigis
1685 3858 1749 3909 et
1796 3851 2088 3928 expensis
2146 3849 2428 3911 eiusdem
2489 3850 2698 3931 Egidii
2762 3849 3070 3910 carnificis
3134 3850 3322 3910 modo

768 3955 1127 4034 supradicto
1161 3955 1341 4013 datas
1391 3962 1454 4014 et
1497 3963 1918 4034 perpetuatas,
1971 3957 2130 4016 ultra
2163 3958 2508 4035 predictum
2536 3958 2795 4017 fluvium
2843 3958 3060 4017 Mlaka
3089 3957 3322 4017 dictum

769 4082 807 4122 a
852 4069 1029 4140 parte
1079 4061 1467 4122 meridionali
1514 4064 1873 4141 supradicta
1936 4065 2087 4126 sitas
2137 4074 2200 4126 et
2246 4066 2601 4136 existentes
2665 4065 2952 4125 undecim
3001 4067 3102 4126 vel
3149 4065 3320 4140 citra,

769 4178 839 4229 ut
884 4168 1235 4247 predicitur,
1285 4169 1703 4230 dimensiones
1753 4173 1941 4251 vulgo
1976 4174 2186 4250 methy
2236 4174 2434 4234 dictas
2481 4174 2543 4234 in
2591 4193 2660 4234 se
2709 4175 3126 4249 continentes;
3175 4175 3320 4234 item

766 4295 984 4338 omnes
1031 4285 1231 4336 terras
1265 4276 1535 4336 arabiles
1566 4278 1965 4356 quartalicias
1997 4281 2279 4346 eiusdem
2312 4281 2520 4363 Egidii
2555 4280 2880 4356 carnificiS,
2931 4280 2992 4341 in
3042 4283 3322 4360 predicta

778 4383 1009 4458 Mlaka,
1058 4384 1202 4443 villa
1250 4383 1339 4443 sic
1386 4384 1568 4459 dicta,
1636 4384 1806 4446 iuxta
1854 4395 2134 4450 tenorem
2200 4389 2514 4450 literarum
2565 4390 3147 4451 introductoriamm
3212 4412 3318 4471 pa-

772 4489 923 4550 riter
971 4499 1033 4550 et
1082 4491 1544 4551 statutoriarum
1595 4493 1835 4570 prefate
1884 4497 2133 4556 domine
2181 4497 2450 4576 Agathe,
2513 4517 2625 4576 pro
2673 4506 2850 4576 parte
2899 4499 2994 4558 sui
3039 4507 3319 4578 tempore

767 4597 1096 4657 comitatus
1128 4599 1547 4676 predictorum
1578 4601 1905 4664 Michaelis
1954 4614 2017 4665 et
2063 4605 2338 4679 Fabiani,
2388 4615 2532 4664 tunc
2575 4605 2869 4666 comitum
2917 4607 3061 4668 dicti
3095 4607 3320 4686 Campi

766 4705 1210 4784 Zagrabiensis
1260 4726 1333 4766 ac
1380 4709 1682 4787 Stephani
1730 4712 1835 4771 fiiii
1884 4714 2075 4787 Pedk,
2125 4723 2351 4773 eotunc
2394 4713 2636 4774 comitis
2683 4715 2991 4774 terrestris
3040 4716 3320 4776 eiusdem

766 4811 1011 4890 Campi,
1060 4815 1137 4872 de
1187 4835 1351 4874 anno
1400 4816 1631 4877 domini
1694 4820 2021 4880 millesimo
2069 4820 2686 4902 quadringentesimo
2727 4822 3046 4898 ‘tricesimo
3105 4823 3319 4902 quinto

776 4920 1156 4997 supradictO,
1204 4921 1359 4982 feria
1408 4926 1685 4984 secunda
1712 4927 1996 5006 proxima
2046 4937 2188 4988 ante
2219 4931 2446 4988 testum
2479 4927 2648 4990 beati
2693 4929 2992 4992 Demetrii
3037 4931 3322 5008 martiriS,
