3917 5592
3019 452 3169 532 83‘

544 692 607 743 et
652 684 920 743 discreto
969 684 1100 743 viro
1149 684 1400 743 domino
1433 684 1708 758 Iohanni,
1758 684 2198 745 archidiacono
2246 686 2327 745 de
2359 687 2590 761 Vaska,
2640 686 2943 747 canonico
2991 689 3108 747 Za-

543 791 878 871 grabiensi,
950 800 1012 851 et
1058 791 1310 851 domino
1357 792 1606 866 Desew‚
1679 793 1991 853 sacerdoti
2038 793 2263 853 rectori
2333 794 2597 853 ecclesie
2645 794 2844 854 sancti
2912 795 3112 856 Marci

545 900 622 959 de
670 898 934 973 Gerech,
1003 898 1174 959 vices
1248 906 1497 959 nostras
1567 900 1812 980 gerenti
1859 900 1922 960 in
1971 899 2481 961 archidiaconatu
2552 911 2765 962 nostro
2813 901 3109 981 predictO,

544 1018 612 1069 vt
657 1010 938 1089 predicta
983 1010 1358 1087 perficerent
1404 1015 1467 1067 et
1514 1008 1594 1067 ad
1643 1008 1936 1068 effectum
2009 1009 2391 1069 deducerent
2437 1010 2585 1070 iuris
2634 1011 2849 1070 ordine
2898 1011 3109 1070 obser-

435 1112 442 1121 ’
546 1128 710 1178 uato.
758 1117 882 1195 Qui
929 1116 1165 1177 scilicet
1211 1115 1444 1176 domini
1489 1116 1801 1176 Iohannes
1851 1116 2327 1179 archidiaconus
2376 1126 2440 1177 et
2484 1119 2715 1179 Desew
2764 1118 3105 1179 vicearchi-

547 1225 845 1285 diaconus
877 1231 1090 1285 noster
1123 1224 1204 1284 ad
1235 1243 1352 1283 nos
1397 1224 1739 1297 venienteS,
1787 1224 1967 1283 nobis
1999 1223 2508 1285 certitudinaliter
2554 1227 2909 1301 retulerunt,
2942 1228 3111 1306 quod

546 1331 858 1412 predictus
905 1332 1173 1410 populus
1220 1332 1298 1391 de
1347 1330 1571 1407 Chehy
1601 1332 1899 1391 scandela
1944 1332 2227 1409 predicta
2258 1332 2625 1410 paciebatur
2672 1333 2922 1393 racione
2968 1352 3107 1411 pre-

548 1440 897 1514 missorum,
962 1448 1024 1499 et
1084 1440 1253 1518 quod
1300 1438 1512 1498 omnia
1558 1438 1864 1516 premissa
1911 1438 2002 1498 sic
2050 1458 2118 1499 se
2179 1440 2514 1515 habebant,
2582 1448 2769 1518 prout
2822 1439 3107 1519 superius

547 1556 692 1608 sunt
737 1567 1051 1626 expressa,
1123 1554 1185 1607 et
1231 1548 1398 1626 quod
1449 1532 1687 1625 absque
1757 1545 1940 1627 graui
1990 1547 2263 1625 dampno
2312 1555 2375 1607 et
2422 1542 2823 1608 detrimenta²
2868 1547 3108 1627 prefate

548 1655 808 1716 ecclesie
879 1654 1048 1714 beati
1095 1653 1356 1733 Georgii
1425 1655 1504 1713 de
1580 1653 1772 1727 Odra,
1822 1653 2103 1732 predicta
2152 1655 2436 1733 cappella
2506 1663 2721 1715 sancte
2770 1654 2959 1715 Clare
3028 1654 3107 1713 de

547 1762 768 1839 Chehy
837 1769 1082 1841 poterat
1145 1762 1405 1821 comode
1477 1760 1678 1820 dotari
1725 1768 1786 1820 et
1847 1761 2073 1834 ornari,
2145 1780 2345 1841 eoque
2408 1762 2469 1821 in
2535 1770 2720 1822 antea
2791 1781 3109 1840 nunquam

549 1872 786 1951 aliquos
834 1890 1106 1950 sapones
1154 1889 1266 1930 seu
1315 1868 1574 1929 cubulos
1621 1867 1946 1947 prescripti
1993 1870 2205 1947 populi
2237 1871 2315 1930 de
2349 1870 2573 1947 Chehy
2620 1870 2855 1930 dabant
2901 1887 3107 1928 sacer·

548 1979 678 2040 doti
741 1980 819 2039 de
868 1978 1058 2053 Odra,
1131 1986 1532 2057 preterquam
1600 1984 1882 2055 tempore
1928 1977 2289 2052 nouissimo,
2360 1997 2484 2058 quo
2553 1977 2721 2037 dicta
2789 1975 3107 2056 possessio

549 2086 772 2163 Chehy
819 2086 1073 2146 deuenit
1119 2087 1200 2146 ad
1245 2105 1470 2145 manus
1519 2085 1802 2145 eiusdem
1849 2085 2136 2165 magistri
2205 2086 2373 2145 Petri
2420 2094 2484 2145 et
2526 2084 2787 2144 fratrum
2835 2104 3108 2158 suorum,

549 2213 765 2254 eorum
809 2192 1061 2271 propria
1107 2194 1427 2252 voluntate
1477 2192 1682 2252 eidem
1729 2189 1971 2271 aliquos
2019 2193 2277 2252 cubulos
2327 2191 2817 2251 aministrabant.
2864 2191 3108 2267 Quibus

549 2302 637 2362 sic
683 2301 993 2380 perceptis
1022 2309 1086 2360 et
1113 2300 1373 2379 repertis
1420 2320 1536 2360 nos
1584 2301 1807 2359 Petrus
1841 2300 2319 2361 archidiaconus
2368 2308 2429 2360 et
2476 2300 2745 2360 vicarius
2792 2299 3109 2378 predictus

551 2410 916 2471 auctoritate
963 2428 1090 2487 qua
1133 2408 1467 2489 fungimur,
1538 2408 1908 2468 auctoritate
1955 2418 2173 2469 nostra
2242 2409 2439 2469 eciam
2484 2408 2716 2483 statuti,
2787 2410 2954 2485 olym
2999 2427 3111 2487 per

549 2516 970 2577 venerabilem
1039 2524 1282 2595 patrem
1353 2516 1672 2575 dominum
1747 2517 2111 2577 Ladizlaum
2161 2516 2525 2595 episcopum
2596 2515 3109 2597 Zagrabiensem‚

548 2624 742 2687 felicis
771 2624 1086 2684 'memorie
1133 2624 1298 2697 facti,
1374 2634 1436 2684 et
1482 2644 1686 2703 usque
1734 2626 1816 2685 ad
1862 2626 1981 2685 hec
2050 2633 2333 2705 tempora
2382 2625 2444 2685 in
2492 2626 2659 2684 dicta
2734 2624 3003 2685 ecclesia
3050 2633 3113 2684 et

551 2733 805 2811 dyocesi
874 2731 1286 2812 Zagrabiensi
1334 2732 1768 2792 inviolabiliter
1813 2733 2147 2807 obseruati‚
2219 2733 2282 2792 in
2328 2752 2451 2812 quo
2506 2732 2873 2807 continetur,
2943 2733 3111 2811 quod

551 2840 816 2903 ecclesia
861 2840 1232 2919 parochialis
1281 2847 1528 2915 centum
1579 2841 1838 2899 cubulos
1887 2860 2000 2900 seu
2048 2860 2319 2919 sapones
2391 2840 2559 2901 bladi
2607 2842 2707 2901 vel
2754 2840 2955 2901 eciam
3001 2859 3109 2918 pa-

551 2951 901 3026 rochyanos
947 2948 1210 3026 populos
1257 2948 1496 3008 habens
1568 2950 1826 3009 deberet
1889 2950 2253 3024 contentari,
2324 2958 2386 3009 et
2432 2949 2579 3028 quia
2633 2949 2938 3027 reperitur
2983 2948 3109 3008 eui-

550 3058 784 3131 denter,
832 3056 1000 3134 quod
1045 3055 1326 3133 predicta
1372 3056 1638 3116 ecclesia
1686 3058 1763 3116 de
1813 3056 1991 3117 Odra
2036 3058 2197 3116 vltra
2245 3064 2495 3116 centum
2558 3057 2791 3116 habeat
2837 3074 3109 3134 sapones
3188 3046 3195 3053 ’

548 3184 662 3224 seu
707 3163 966 3223 cubulos
1013 3163 1181 3223 bladi
1229 3170 1293 3223 et
1339 3164 1775 3242 parochianOS,
1847 3164 2082 3224 reditus
2132 3164 2333 3225 eciam
2380 3164 2532 3225 satis
2579 3166 2783 3224 lautos
2832 3172 2894 3224 et
2941 3162 3111 3223 suffi-

549 3273 802 3345 cientes,
872 3272 950 3331 de
998 3270 1221 3349 quibus
1270 3271 1432 3331 bene
1497 3280 1705 3350 potest
1751 3273 2113 3348 contentari,
2182 3272 2324 3332 ideo
2372 3272 2716 3351 predictam
2766 3272 3113 3350 cappellam

546 3381 611 3440 in
656 3380 891 3439 honore
940 3386 1156 3438 sancte
1227 3378 1414 3439 Clare
1462 3379 1722 3459 virginis
1769 3380 1834 3439 in
1881 3381 2165 3459 predicta
2232 3380 2633 3458 possessione
2681 3379 2905 3454 Chehy
2961 3397 3108 3437 con-

548 3495 848 3548 structam
919 3496 982 3547 et
1048 3486 1419 3547 cimiterium
1487 3506 1600 3565 pro
1648 3489 1872 3547 eadem
1942 3488 2301 3549 consecrari
2367 3490 2577 3548 facere
2649 3486 3115 3560 committendO,

547 3596 872 3655 vniuersos
919 3594 1290 3675 iobagiones
1337 3594 1560 3673 prefati
1605 3596 1889 3675 magistri
1937 3596 2107 3656 Petri
2139 3605 2201 3656 et
2227 3596 2489 3656 fratrum
2537 3614 2791 3655 suorum
2837 3594 2901 3653 in
2948 3594 3117 3654 dicta

547 3702 770 3779 Chehy
819 3710 882 3762 et
925 3701 1160 3782 ibidem
1229 3702 1292 3761 in
1363 3722 1581 3763 eorum
1627 3703 2131 3781 possessionibus
2180 3703 2445 3778 habitos,
2495 3712 2558 3763 et
2604 3721 2820 3762 eorum
2892 3703 3113 3761 domos

547 3818 612 3871 et
656 3810 921 3870 familias
968 3810 1209 3889 prefate
1258 3812 1539 3889 cappelle
1588 3812 1956 3872 tradidimus
2017 3831 2131 3890 pro
2181 3812 2444 3872 comodo
2494 3810 2837 3871 sacerdotis
2886 3819 2949 3869 et
2994 3810 3113 3869 deo

546 3918 992 3978 famulancium
1039 3917 1100 3977 in
1149 3920 1390 3993 eadem,
1462 3899 1862 3979 concedimus
1911 3920 2111 3980 eciam
2173 3920 2377 3980 eidem
2424 3919 2725 3999 magistro
2774 3919 2977 3991 Petr0,
3048 3925 3117 3977 vt

549 4026 960 4101 sacerdotem,
1013 4046 1202 4105 quem
1248 4028 1514 4087 voluerit
1560 4027 1621 4087 in
1669 4027 1937 4087 eandem
2008 4028 2355 4105 cappellam
2404 4046 2583 4087 suam
2646 4025 3112 4103 assumpmendi

550 4140 614 4193 et
659 4132 721 4191 in
778 4133 1002 4193 eadem
1050 4134 1465 4195 conseruandi
1533 4135 1766 4195 habeat
1811 4135 2139 4212 opcionem
2199 4155 2312 4213 pro
2360 4155 2472 4195 sue
2541 4134 2711 4195 libito
2759 4132 3111 4207 voluntatiS,

549 4242 892 4320 prescripte
939 4242 1204 4331 ecclesie
1252 4243 1452 4303 sancti
1522 4244 1760 4323 Georgi
1808 4244 1886 4302 de
1935 4243 2112 4303 Odra
2160 4252 2222 4303 et
2269 4244 2401 4303 eius
2474 4243 2699 4303 rectori
2745 4263 2857 4303 seu
2905 4262 3113 4302 sacer-

551 4349 681 4409 doti
727 4358 1098 4428 perpetuum
1145 4350 1470 4410 silencium
1515 4350 1893 4428 imponendo
1939 4350 2003 4410 in
2049 4352 2169 4410 hac
2216 4360 2411 4429 parte,
2468 4352 2733 4411 eandem
2782 4349 3112 4410 ecclesiam

552 4456 752 4518 sancti
798 4456 1058 4537 Georgii
1107 4466 1170 4517 et
1215 4457 1349 4517 eius
1397 4458 1759 4518 sacerdotes
1808 4466 2170 4518 contentum
2239 4458 2539 4519 facientes
2589 4460 2667 4517 de
2716 4466 2965 4517 centum
3014 4476 3113 4516 sa-

551 4565 817 4645 ponibus
865 4574 929 4625 et
973 4566 1136 4625 ultra
1180 4567 1258 4626 de
1307 4566 1606 4627 reditibus
1653 4566 1916 4628 residuis
1967 4566 2355 4645 supradictis,
2420 4566 2677 4626 Dotauit
2722 4564 2925 4625 eciam
2970 4584 3110 4644 pre-

549 4674 716 4733 fatus
762 4673 1066 4753 magister
1113 4675 1336 4734 Petrus
1402 4674 1566 4734 filius
1613 4674 1884 4749 Martini,
1941 4676 2173 4735 dictam
2220 4675 2567 4753 cappellam
2616 4683 2679 4733 et
2725 4673 2858 4731 eius
2908 4691 3113 4732 sacer-

552 4782 765 4841 dotem
810 4800 923 4841 seu
957 4789 1266 4841 rectorem
1315 4800 1457 4841 cum
1505 4782 1723 4842 decem
1756 4781 1938 4843 dietis
1987 4803 2101 4843 seu
2148 4782 2413 4843 araturis
2462 4790 2625 4842 terre
2656 4790 2717 4841 et
2750 4800 2857 4841 sex
2906 4781 3109 4841 bobus

549 4907 665 4965 pro
713 4896 924 4947 aratro
972 4896 1034 4948 et
1079 4888 1457 4967 quibusdam
1496 4890 1702 4968 porcis
1751 4898 1812 4950 et
1858 4890 2091 4951 troncis
2123 4910 2313 4969 apum
2359 4890 2423 4950 in
2469 4897 2837 4968 perpetuam
2886 4890 3112 4948 elemo-

553 4994 772 5081 sinam,
819 5015 932 5085 pro
1001 5016 1114 5067 sue
1172 4997 1376 5067 anime
1455 4999 1732 5069 remedio
1783 5007 1845 5059 et
1890 5008 2223 5091 parentum
2293 5018 2563 5069 suorum,
2658 5000 2725 5068 ln
2788 4998 2963 5062 cuius
3027 4998 3115 5057 rei

2939 5175 2971 5227 ιιι
