<?xml version="1.0" encoding="UTF-8"?>
<!DOCTYPE html PUBLIC "-//W3C//DTD XHTML 1.0 Transitional//EN"
    "http://www.w3.org/TR/xhtml1/DTD/xhtml1-transitional.dtd">
<html xmlns="http://www.w3.org/1999/xhtml" xml:lang="en" lang="en">
 <head>
  <title>
</title>
<meta http-equiv="Content-Type" content="text/html;charset=utf-8" />
  <meta name='ocr-system' content='tesseract 3.04.00' />
  <meta name='ocr-capabilities' content='ocr_page ocr_carea ocr_par ocr_line ocrx_word'/>
</head>
<body>
  <div class='ocr_page' id='page_1' title='image "./povjesnispomeni01laszgoog_0160.png"; bbox 0 0 3917 5592; ppageno 0'>
   <div class='ocr_carea' id='block_1_1' title="bbox 747 411 869 473">
    <p class='ocr_par' dir='ltr' id='par_1_1' title="bbox 747 411 869 473">
     <span class='ocr_line' id='line_1_1' title="bbox 747 411 869 473; baseline 0.008 -1"><span class='ocrx_word' id='word_1_1' title='bbox 747 411 869 473; x_wconf 90' lang='grc'><strong>110</strong></span> 
     </span>
    </p>
   </div>
   <div class='ocr_carea' id='block_1_2' title="bbox 739 627 3303 817">
    <p class='ocr_par' dir='ltr' id='par_1_2' title="bbox 739 627 3303 817">
     <span class='ocr_line' id='line_1_2' title="bbox 741 627 3303 707; baseline 0 -22"><span class='ocrx_word' id='word_1_2' title='bbox 741 627 1051 687; x_wconf 86' lang='lat' dir='ltr'><strong>dominico</strong></span> <span class='ocrx_word' id='word_1_3' title='bbox 1099 628 1382 705; x_wconf 84' lang='lat' dir='ltr'><strong>proximo</strong></span> <span class='ocrx_word' id='word_1_4' title='bbox 1429 638 1572 707; x_wconf 83' lang='lat' dir='ltr'><strong>post</strong></span> <span class='ocrx_word' id='word_1_5' title='bbox 1619 630 1846 689; x_wconf 84' lang='lat' dir='ltr'><strong>festum</strong></span> <span class='ocrx_word' id='word_1_6' title='bbox 1892 630 2061 689; x_wconf 88' lang='lat' dir='ltr'><strong>beati</strong></span> <span class='ocrx_word' id='word_1_7' title='bbox 2110 630 2315 690; x_wconf 84' lang='lat' dir='ltr'><strong>Iacobi</strong></span> <span class='ocrx_word' id='word_1_8' title='bbox 2352 630 2631 707; x_wconf 82' lang='lat' dir='ltr'><strong>apostoli,</strong></span> <span class='ocrx_word' id='word_1_9' title='bbox 2680 649 2845 688; x_wconf 85' lang='lat' dir='ltr'><strong>anno</strong></span> <span class='ocrx_word' id='word_1_10' title='bbox 2894 628 3125 687; x_wconf 88' lang='lat' dir='ltr'><strong>domini</strong></span> <span class='ocrx_word' id='word_1_11' title='bbox 3174 628 3303 686; x_wconf 84' lang='lat' dir='ltr'><strong>mil-</strong></span> 
     </span>
     <span class='ocr_line' id='line_1_3' title="bbox 739 736 2255 817; baseline 0.002 -23"><span class='ocrx_word' id='word_1_12' title='bbox 739 736 956 795; x_wconf 89' lang='lat' dir='ltr'><strong>lesimo</strong></span> <span class='ocrx_word' id='word_1_13' title='bbox 1005 737 1442 797; x_wconf 84' lang='lat' dir='ltr'><strong>trecentesimo</strong></span> <span class='ocrx_word' id='word_1_14' title='bbox 1490 737 1922 817; x_wconf 84' lang='lat' dir='ltr'><strong>octuagesimo</strong></span> <span class='ocrx_word' id='word_1_15' title='bbox 1973 738 2255 817; x_wconf 80' lang='lat' dir='ltr'><strong>septimo,</strong></span> 
     </span>
    </p>
   </div>
   <div class='ocr_carea' id='block_1_3' title="bbox 739 863 3305 1141">
    <p class='ocr_par' dir='ltr' id='par_1_3' title="bbox 739 863 3305 1141">
     <span class='ocr_line' id='line_1_4' title="bbox 956 863 3305 945; baseline 0 -18"><span class='ocrx_word' id='word_1_16' title='bbox 956 872 1239 940; x_wconf 72' lang='lat' dir='ltr'><strong>originale</strong></span> <span class='ocrx_word' id='word_1_17' title='bbox 1269 876 1710 929; x_wconf 70' lang='lat' dir='ltr'><strong>membraneum.</strong></span> <span class='ocrx_word' id='word_1_18' title='bbox 1751 864 1959 930; x_wconf 83' lang='lat' dir='ltr'><strong>Subtus</strong></span> <span class='ocrx_word' id='word_1_19' title='bbox 1988 882 2108 931; x_wconf 82' lang='lat' dir='ltr'><strong>erat</strong></span> <span class='ocrx_word' id='word_1_20' title='bbox 2130 863 2462 945; x_wconf 77' lang='lat' dir='ltr'><strong>appressum</strong></span> <span class='ocrx_word' id='word_1_21' title='bbox 2505 876 2765 945; x_wconf 86' lang='lat' dir='ltr'><strong>sigillum,</strong></span> <span class='ocrx_word' id='word_1_22' title='bbox 2806 881 2860 929; x_wconf 83' lang='lat' dir='ltr'><strong>el.</strong></span> <span class='ocrx_word' id='word_1_23' title='bbox 2888 877 2941 930; x_wconf 85' lang='lat' dir='ltr'><strong>in</strong></span> <span class='ocrx_word' id='word_1_24' title='bbox 2972 879 3097 931; x_wconf 92' lang='lat' dir='ltr'><strong>loco</strong></span> <span class='ocrx_word' id='word_1_25' title='bbox 3138 875 3305 945; x_wconf 84' lang='lat' dir='ltr'><strong>sigilli</strong></span> 
     </span>
     <span class='ocr_line' id='line_1_5' title="bbox 739 956 3305 1031; baseline 0.001 -16"><span class='ocrx_word' id='word_1_26' title='bbox 739 956 970 1031; x_wconf 70' lang='lat' dir='ltr'><strong>legitur:</strong></span> <span class='ocrx_word' id='word_1_27' title='bbox 1000 962 1333 1031; x_wconf 78' lang='lat' dir='ltr'><strong>„Relacio</strong></span> <span class='ocrx_word' id='word_1_28' title='bbox 1364 964 1638 1018; x_wconf 87' lang='lat' dir='ltr'><strong>domini</strong></span> <span class='ocrx_word' id='word_1_29' title='bbox 1671 965 2000 1020; x_wconf 81' lang='lat' dir='ltr'><strong>Ladislai</strong></span> <span class='ocrx_word' id='word_1_30' title='bbox 2029 966 2109 1019; x_wconf 77' lang='lat' dir='ltr'><strong>do</strong></span> <span class='ocrx_word' id='word_1_31' title='bbox 2132 966 2515 1020; x_wconf 83' lang='lat' dir='ltr'><strong>Losonch“.</strong></span> <span class='ocrx_word' id='word_1_32' title='bbox 2556 966 2613 1019; x_wconf 90' lang='lat' dir='ltr'><strong>ln</strong></span> <span class='ocrx_word' id='word_1_33' title='bbox 2642 965 2875 1019; x_wconf 84' lang='lat' dir='ltr'><strong>archivo</strong></span> <span class='ocrx_word' id='word_1_34' title='bbox 2896 966 3081 1019; x_wconf 85' lang='lat' dir='ltr'><strong>accad.</strong></span> <span class='ocrx_word' id='word_1_35' title='bbox 3114 964 3305 1019; x_wconf 82' lang='lat' dir='ltr'><strong>scient.</strong></span> 
     </span>
     <span class='ocr_line' id='line_1_6' title="bbox 740 1052 3303 1141; baseline 0.001 -36"><span class='ocrx_word' id='word_1_36' title='bbox 740 1052 958 1106; x_wconf 82' lang='lat' dir='ltr'><strong>Slavor.</strong></span> <span class='ocrx_word' id='word_1_37' title='bbox 999 1052 1193 1107; x_wconf 86' lang='lat' dir='ltr'><strong>merid.</strong></span> <span class='ocrx_word' id='word_1_38' title='bbox 1231 1054 1552 1141; x_wconf 27' lang='lat' dir='ltr'><strong>Zagrab&#39;iae.</strong></span> <span class='ocrx_word' id='word_1_39' title='bbox 1589 1082 1650 1093; x_wconf 91' lang='lat'><em>-</em></span> <span class='ocrx_word' id='word_1_40' title='bbox 1693 1054 1948 1125; x_wconf 85' lang='lat' dir='ltr'><strong>Vjestnik</strong></span> <span class='ocrx_word' id='word_1_41' title='bbox 1998 1055 2077 1109; x_wconf 86' lang='lat' dir='ltr'><strong>kr.</strong></span> <span class='ocrx_word' id='word_1_42' title='bbox 2117 1055 2237 1109; x_wconf 78' lang='lat' dir='ltr'><strong>htv.</strong></span> <span class='ocrx_word' id='word_1_43' title='bbox 2283 1056 2425 1111; x_wconf 79' lang='lat' dir='ltr'><strong>slav.</strong></span> <span class='ocrx_word' id='word_1_44' title='bbox 2468 1055 2636 1109; x_wconf 82' lang='lat' dir='ltr'><strong>dalm.</strong></span> <span class='ocrx_word' id='word_1_45' title='bbox 2676 1071 2817 1109; x_wconf 86' lang='lat' dir='ltr'><strong>zem.</strong></span> <span class='ocrx_word' id='word_1_46' title='bbox 2870 1054 3070 1109; x_wconf 84' lang='lat' dir='ltr'><strong>arkiva</strong></span> <span class='ocrx_word' id='word_1_47' title='bbox 3108 1056 3147 1109; x_wconf 90' lang='lat' dir='ltr'><strong>l.</strong></span> <span class='ocrx_word' id='word_1_48' title='bbox 3187 1054 3303 1109; x_wconf 88' lang='grc'><strong>196.</strong></span> 
     </span>
    </p>
   </div>
   <div class='ocr_carea' id='block_1_4' title="bbox 957 1336 2139 1621">
    <p class='ocr_par' dir='ltr' id='par_1_4' title="bbox 957 1336 2139 1621">
     <span class='ocr_line' id='line_1_7' title="bbox 1930 1336 2139 1409; baseline 0 -2"><span class='ocrx_word' id='word_1_49' title='bbox 1930 1336 2139 1409; x_wconf 81' lang='grc'><strong>105.</strong></span> 
     </span>
     <span class='ocr_line' id='line_1_8' title="bbox 957 1538 1808 1621; baseline -0.001 -22"><span class='ocrx_word' id='word_1_50' title='bbox 957 1541 1140 1599; x_wconf 78' lang='lat' dir='ltr'><strong>Anno</strong></span> <span class='ocrx_word' id='word_1_51' title='bbox 1199 1538 1380 1601; x_wconf 85' lang='lat'><strong>1387.</strong></span> <span class='ocrx_word' id='word_1_52' title='bbox 1443 1541 1488 1599; x_wconf 94' lang='lat' dir='ltr'><strong>l.</strong></span> <span class='ocrx_word' id='word_1_53' title='bbox 1541 1541 1808 1621; x_wconf 78' lang='lat' dir='ltr'><strong>augusti.</strong></span> 
     </span>
    </p>
   </div>
   <div class='ocr_carea' id='block_1_5' title="bbox 741 1732 3305 2036">
    <p class='ocr_par' dir='ltr' id='par_1_5' title="bbox 741 1732 3305 2036">
     <span class='ocr_line' id='line_1_9' title="bbox 747 1732 3305 1819; baseline 0 -24"><span class='ocrx_word' id='word_1_54' title='bbox 747 1732 1152 1816; x_wconf 74' lang='lat' dir='ltr'><em>Capitulum</em></span> <span class='ocrx_word' id='word_1_55' title='bbox 1221 1733 1541 1797; x_wconf 75' lang='lat' dir='ltr'><strong>ecclesiae</strong></span> <span class='ocrx_word' id='word_1_56' title='bbox 1589 1732 2107 1818; x_wconf 75' lang='lat' dir='ltr'><strong>Zagrahiensis,</strong></span> <span class='ocrx_word' id='word_1_57' title='bbox 2171 1734 2253 1799; x_wconf 81' lang='lat' dir='ltr'><strong>de</strong></span> <span class='ocrx_word' id='word_1_58' title='bbox 2292 1739 2574 1819; x_wconf 82' lang='lat' dir='ltr'><strong>peracta</strong></span> <span class='ocrx_word' id='word_1_59' title='bbox 2642 1734 3024 1798; x_wconf 78' lang='lat' dir='ltr'><strong>statutione</strong></span> <span class='ocrx_word' id='word_1_60' title='bbox 3074 1754 3305 1796; x_wconf 83' lang='lat' dir='ltr'><strong>mona·</strong></span> 
     </span>
     <span class='ocr_line' id='line_1_10' title="bbox 741 1840 3303 1927; baseline -0.001 -22"><span class='ocrx_word' id='word_1_61' title='bbox 741 1840 946 1905; x_wconf 62' lang='lat' dir='ltr'><strong>&amp;terii</strong></span> <span class='ocrx_word' id='word_1_62' title='bbox 993 1841 1074 1903; x_wconf 89' lang='grc' dir='ltr'><strong>Β.</strong></span> <span class='ocrx_word' id='word_1_63' title='bbox 1125 1840 1216 1905; x_wconf 87' lang='lat' dir='ltr'><strong>M.</strong></span> <span class='ocrx_word' id='word_1_64' title='bbox 1282 1841 1353 1909; x_wconf 93' lang='lat' dir='ltr'><strong>V.</strong></span> <span class='ocrx_word' id='word_1_65' title='bbox 1401 1841 1904 1906; x_wconf 79' lang='lat' dir='ltr'><em>heremitarum</em></span> <span class='ocrx_word' id='word_1_66' title='bbox 1943 1847 2157 1927; x_wconf 79' lang='lat' dir='ltr'><strong>prope</strong></span> <span class='ocrx_word' id='word_1_67' title='bbox 2214 1841 2635 1927; x_wconf 81' lang='lat' dir='ltr'><strong>Zagrabiam</strong></span> <span class='ocrx_word' id='word_1_68' title='bbox 2687 1843 2763 1907; x_wconf 87' lang='lat' dir='ltr'><strong>in</strong></span> <span class='ocrx_word' id='word_1_69' title='bbox 2802 1841 3303 1926; x_wconf 73' lang='lat' dir='ltr'><strong>possessiotaem</strong></span> 
     </span>
     <span class='ocr_line' id='line_1_11' title="bbox 899 1948 3158 2036; baseline 0 -24"><span class='ocrx_word' id='word_1_70' title='bbox 899 1949 1355 2026; x_wconf 75' lang='lat' dir='ltr'><strong>Petrusowcz,</strong></span> <span class='ocrx_word' id='word_1_71' title='bbox 1403 1950 1624 2015; x_wconf 79' lang='lat' dir='ltr'><strong>eidem</strong></span> <span class='ocrx_word' id='word_1_72' title='bbox 1677 1951 2100 2015; x_wconf 81' lang='lat' dir='ltr'><strong>monasterio</strong></span> <span class='ocrx_word' id='word_1_73' title='bbox 2144 1972 2188 2015; x_wconf 85' lang='lat' dir='ltr'><strong>a</strong></span> <span class='ocrx_word' id='word_1_74' title='bbox 2237 1972 2393 2036; x_wconf 80' lang='lat' dir='ltr'><strong>rege</strong></span> <span class='ocrx_word' id='word_1_75' title='bbox 2438 1950 2776 2027; x_wconf 82' lang='lat' dir='ltr'><strong>collatam,</strong></span> <span class='ocrx_word' id='word_1_76' title='bbox 2828 1948 3158 2034; x_wconf 77' lang='lat' dir='ltr'><strong>notificat.</strong></span> 
     </span>
    </p>
   </div>
   <div class='ocr_carea' id='block_1_6' title="bbox 744 2148 3315 4821">
    <p class='ocr_par' dir='ltr' id='par_1_6' title="bbox 744 2148 3315 4821">
     <span class='ocr_line' id='line_1_12' title="bbox 959 2148 3311 2229; baseline -0.001 -21"><span class='ocrx_word' id='word_1_77' title='bbox 959 2149 1318 2227; x_wconf 87' lang='lat' dir='ltr'><strong>Capitulum</strong></span> <span class='ocrx_word' id='word_1_78' title='bbox 1368 2150 1629 2209; x_wconf 85' lang='lat' dir='ltr'><strong>ecclesie</strong></span> <span class='ocrx_word' id='word_1_79' title='bbox 1701 2151 2149 2229; x_wconf 83' lang='lat' dir='ltr'><strong>Zagrabiensis</strong></span> <span class='ocrx_word' id='word_1_80' title='bbox 2197 2150 2486 2210; x_wconf 89' lang='lat' dir='ltr'><strong>omnibus</strong></span> <span class='ocrx_word' id='word_1_81' title='bbox 2535 2150 2768 2209; x_wconf 86' lang='lat' dir='ltr'><strong>Christi</strong></span> <span class='ocrx_word' id='word_1_82' title='bbox 2837 2148 3125 2209; x_wconf 86' lang='lat' dir='ltr'><strong>fidelibus</strong></span> <span class='ocrx_word' id='word_1_83' title='bbox 3174 2167 3311 2226; x_wconf 86' lang='lat' dir='ltr'><strong>pre-</strong></span> 
     </span>
     <span class='ocr_line' id='line_1_13' title="bbox 744 2255 3311 2335; baseline -0.001 -18"><span class='ocrx_word' id='word_1_84' title='bbox 744 2256 1022 2323; x_wconf 80' lang='lat' dir='ltr'><strong>sentibus</strong></span> <span class='ocrx_word' id='word_1_85' title='bbox 1071 2265 1132 2315; x_wconf 89' lang='lat' dir='ltr'><strong>et</strong></span> <span class='ocrx_word' id='word_1_86' title='bbox 1177 2256 1397 2318; x_wconf 88' lang='lat' dir='ltr'><strong>futuris</strong></span> <span class='ocrx_word' id='word_1_87' title='bbox 1457 2258 1852 2335; x_wconf 87' lang='lat' dir='ltr'><strong>presencium</strong></span> <span class='ocrx_word' id='word_1_88' title='bbox 1899 2258 2195 2317; x_wconf 86' lang='lat' dir='ltr'><strong>noticiam</strong></span> <span class='ocrx_word' id='word_1_89' title='bbox 2263 2258 2567 2318; x_wconf 89' lang='lat' dir='ltr'><strong>habituris</strong></span> <span class='ocrx_word' id='word_1_90' title='bbox 2616 2258 2880 2317; x_wconf 87' lang='lat' dir='ltr'><strong>salutem</strong></span> <span class='ocrx_word' id='word_1_91' title='bbox 2927 2256 2989 2316; x_wconf 89' lang='lat' dir='ltr'><strong>in</strong></span> <span class='ocrx_word' id='word_1_92' title='bbox 3038 2255 3311 2315; x_wconf 87' lang='lat' dir='ltr'><strong>omnium</strong></span> 
     </span>
     <span class='ocr_line' id='line_1_14' title="bbox 745 2362 3309 2442; baseline -0.001 -18"><span class='ocrx_word' id='word_1_93' title='bbox 745 2366 1078 2424; x_wconf 84' lang='lat' dir='ltr'><strong>saluatore.</strong></span> <span class='ocrx_word' id='word_1_94' title='bbox 1169 2364 1270 2423; x_wconf 84' lang='lat' dir='ltr'><strong>Ad</strong></span> <span class='ocrx_word' id='word_1_95' title='bbox 1319 2365 1751 2425; x_wconf 89' lang='lat' dir='ltr'><strong>vniuersorum</strong></span> <span class='ocrx_word' id='word_1_96' title='bbox 1797 2365 2094 2426; x_wconf 86' lang='lat' dir='ltr'><strong>noticiam</strong></span> <span class='ocrx_word' id='word_1_97' title='bbox 2141 2367 2362 2429; x_wconf 88' lang='lat' dir='ltr'><strong>harum</strong></span> <span class='ocrx_word' id='word_1_98' title='bbox 2421 2365 2581 2426; x_wconf 89' lang='lat' dir='ltr'><strong>serie</strong></span> <span class='ocrx_word' id='word_1_99' title='bbox 2632 2367 2917 2425; x_wconf 91' lang='lat' dir='ltr'><strong>volumus</strong></span> <span class='ocrx_word' id='word_1_100' title='bbox 2966 2362 3309 2442; x_wconf 86' lang='lat' dir='ltr'><strong>peruenire,</strong></span> 
     </span>
     <span class='ocr_line' id='line_1_15' title="bbox 749 2472 3311 2551; baseline -0.001 -19"><span class='ocrx_word' id='word_1_101' title='bbox 749 2473 919 2551; x_wconf 90' lang='lat' dir='ltr'><strong>quod</strong></span> <span class='ocrx_word' id='word_1_102' title='bbox 965 2492 1107 2533; x_wconf 91' lang='lat' dir='ltr'><strong>cum</strong></span> <span class='ocrx_word' id='word_1_103' title='bbox 1154 2492 1269 2532; x_wconf 90' lang='lat' dir='ltr'><strong>nos</strong></span> <span class='ocrx_word' id='word_1_104' title='bbox 1317 2474 1487 2533; x_wconf 83' lang='lat' dir='ltr'><strong>iuxta</strong></span> <span class='ocrx_word' id='word_1_105' title='bbox 1536 2474 1991 2535; x_wconf 85' lang='lat' dir='ltr'><strong>continenciam</strong></span> <span class='ocrx_word' id='word_1_106' title='bbox 2037 2475 2380 2534; x_wconf 88' lang='lat' dir='ltr'><strong>litterarum</strong></span> <span class='ocrx_word' id='word_1_107' title='bbox 2430 2472 2809 2533; x_wconf 82' lang='lat' dir='ltr'><strong>serenissimi</strong></span> <span class='ocrx_word' id='word_1_108' title='bbox 2862 2472 3156 2550; x_wconf 89' lang='lat' dir='ltr'><strong>principis</strong></span> <span class='ocrx_word' id='word_1_109' title='bbox 3204 2472 3311 2530; x_wconf 86' lang='lat' dir='ltr'><strong>do-</strong></span> 
     </span>
     <span class='ocr_line' id='line_1_16' title="bbox 749 2580 3311 2663; baseline -0.001 -23"><span class='ocrx_word' id='word_1_110' title='bbox 749 2580 898 2641; x_wconf 92' lang='lat' dir='ltr'><strong>mini</strong></span> <span class='ocrx_word' id='word_1_111' title='bbox 945 2580 1331 2660; x_wconf 74' lang='lat' dir='ltr'><strong>sigismundi</strong></span> <span class='ocrx_word' id='word_1_112' title='bbox 1380 2582 1481 2641; x_wconf 88' lang='lat' dir='ltr'><strong>dei</strong></span> <span class='ocrx_word' id='word_1_113' title='bbox 1527 2582 1745 2661; x_wconf 83' lang='lat' dir='ltr'><strong>gracia</strong></span> <span class='ocrx_word' id='word_1_114' title='bbox 1791 2583 1960 2663; x_wconf 82' lang='lat' dir='ltr'><strong>regis</strong></span> <span class='ocrx_word' id='word_1_115' title='bbox 2010 2582 2306 2662; x_wconf 85' lang='lat' dir='ltr'><strong>Vngarie,</strong></span> <span class='ocrx_word' id='word_1_116' title='bbox 2370 2582 2711 2656; x_wconf 89' lang='lat' dir='ltr'><strong>Dalmacie,</strong></span> <span class='ocrx_word' id='word_1_117' title='bbox 2759 2581 3027 2641; x_wconf 87' lang='lat' dir='ltr'><strong>Croacie</strong></span> <span class='ocrx_word' id='word_1_118' title='bbox 3075 2588 3188 2639; x_wconf 88' lang='lat' dir='ltr'><strong>etc.</strong></span> <span class='ocrx_word' id='word_1_119' title='bbox 3239 2598 3311 2639; x_wconf 92' lang='lat' dir='ltr'><strong>ac</strong></span> 
     </span>
     <span class='ocr_line' id='line_1_17' title="bbox 748 2688 3310 2767; baseline -0 -20"><span class='ocrx_word' id='word_1_120' title='bbox 748 2688 1124 2748; x_wconf 91' lang='lat' dir='ltr'><strong>marchionis</strong></span> <span class='ocrx_word' id='word_1_121' title='bbox 1187 2689 1854 2767; x_wconf 77' lang='lat' dir='ltr'><strong>BrandemburgensiS‚</strong></span> <span class='ocrx_word' id='word_1_122' title='bbox 1917 2690 2160 2750; x_wconf 85' lang='lat' dir='ltr'><strong>domini</strong></span> <span class='ocrx_word' id='word_1_123' title='bbox 2223 2690 2417 2749; x_wconf 89' lang='lat' dir='ltr'><strong>nostri</strong></span> <span class='ocrx_word' id='word_1_124' title='bbox 2465 2689 2782 2763; x_wconf 83' lang='lat' dir='ltr'><strong>naturaliS,</strong></span> <span class='ocrx_word' id='word_1_125' title='bbox 2846 2688 3310 2749; x_wconf 86' lang='lat' dir='ltr'><strong>statutoriarum</strong></span> 
     </span>
     <span class='ocr_line' id='line_1_18' title="bbox 750 2796 3313 2878; baseline -0.001 -23"><span class='ocrx_word' id='word_1_126' title='bbox 750 2815 864 2875; x_wconf 89' lang='lat' dir='ltr'><strong>pro</strong></span> <span class='ocrx_word' id='word_1_127' title='bbox 921 2797 1192 2856; x_wconf 91' lang='lat' dir='ltr'><strong>claustro</strong></span> <span class='ocrx_word' id='word_1_128' title='bbox 1253 2798 1440 2857; x_wconf 89' lang='lat' dir='ltr'><strong>beate</strong></span> <span class='ocrx_word' id='word_1_129' title='bbox 1485 2798 1688 2858; x_wconf 89' lang='lat' dir='ltr'><strong>Marie</strong></span> <span class='ocrx_word' id='word_1_130' title='bbox 1751 2799 2011 2878; x_wconf 83' lang='lat' dir='ltr'><strong>virginis</strong></span> <span class='ocrx_word' id='word_1_131' title='bbox 2059 2798 2503 2857; x_wconf 86' lang='lat' dir='ltr'><strong>heremitarum</strong></span> <span class='ocrx_word' id='word_1_132' title='bbox 2566 2817 2761 2876; x_wconf 85' lang='lat' dir='ltr'><strong>prope</strong></span> <span class='ocrx_word' id='word_1_133' title='bbox 2824 2796 3203 2877; x_wconf 84' lang='lat' dir='ltr'><strong>Zagrabiam</strong></span> <span class='ocrx_word' id='word_1_134' title='bbox 3252 2803 3313 2854; x_wconf 87' lang='lat' dir='ltr'><strong>et</strong></span> 
     </span>
     <span class='ocr_line' id='line_1_19' title="bbox 749 2904 3309 2983; baseline -0 -20"><span class='ocrx_word' id='word_1_135' title='bbox 749 2904 1039 2964; x_wconf 89' lang='lat' dir='ltr'><strong>fratribus</strong></span> <span class='ocrx_word' id='word_1_136' title='bbox 1080 2904 1395 2964; x_wconf 89' lang='lat' dir='ltr'><strong>heremitis</strong></span> <span class='ocrx_word' id='word_1_137' title='bbox 1445 2906 1508 2965; x_wconf 91' lang='lat' dir='ltr'><strong>in</strong></span> <span class='ocrx_word' id='word_1_138' title='bbox 1556 2907 1779 2966; x_wconf 89' lang='lat' dir='ltr'><strong>eodem</strong></span> <span class='ocrx_word' id='word_1_139' title='bbox 1826 2908 2097 2966; x_wconf 90' lang='lat' dir='ltr'><strong>claustro</strong></span> <span class='ocrx_word' id='word_1_140' title='bbox 2127 2905 2355 2983; x_wconf 80' lang='lat' dir='ltr'><strong>iugiter</strong></span> <span class='ocrx_word' id='word_1_141' title='bbox 2402 2907 2521 2965; x_wconf 90' lang='lat' dir='ltr'><strong>deo</strong></span> <span class='ocrx_word' id='word_1_142' title='bbox 2568 2904 3010 2965; x_wconf 87' lang='lat' dir='ltr'><strong>famulantibus</strong></span> <span class='ocrx_word' id='word_1_143' title='bbox 3058 2920 3309 2963; x_wconf 85' lang='lat' dir='ltr'><strong>emana-</strong></span> 
     </span>
     <span class='ocr_line' id='line_1_20' title="bbox 748 3010 3311 3093; baseline -0.001 -21"><span class='ocrx_word' id='word_1_144' title='bbox 748 3022 970 3086; x_wconf 89' lang='lat' dir='ltr'><strong>tarum,</strong></span> <span class='ocrx_word' id='word_1_145' title='bbox 1033 3031 1302 3071; x_wconf 87' lang='lat' dir='ltr'><strong>vnacum</strong></span> <span class='ocrx_word' id='word_1_146' title='bbox 1351 3014 1656 3093; x_wconf 78' lang='lat' dir='ltr'><strong>magistro</strong></span> <span class='ocrx_word' id='word_1_147' title='bbox 1719 3014 1980 3073; x_wconf 88' lang='lat' dir='ltr'><strong>Nicolao</strong></span> <span class='ocrx_word' id='word_1_148' title='bbox 2033 3014 2197 3074; x_wconf 89' lang='lat' dir='ltr'><strong>dicto</strong></span> <span class='ocrx_word' id='word_1_149' title='bbox 2246 3015 2411 3073; x_wconf 90' lang='lat' dir='ltr'><strong>Toth</strong></span> <span class='ocrx_word' id='word_1_150' title='bbox 2459 3015 2537 3074; x_wconf 88' lang='lat' dir='ltr'><strong>de</strong></span> <span class='ocrx_word' id='word_1_151' title='bbox 2585 3014 3015 3085; x_wconf 86' lang='lat' dir='ltr'><strong>Zumzedwar‚</strong></span> <span class='ocrx_word' id='word_1_152' title='bbox 3064 3010 3311 3073; x_wconf 89' lang='lat' dir='ltr'><strong>homine</strong></span> 
     </span>
     <span class='ocr_line' id='line_1_21' title="bbox 750 3119 3311 3199; baseline -0.001 -20"><span class='ocrx_word' id='word_1_153' title='bbox 750 3119 1028 3179; x_wconf 88' lang='lat' dir='ltr'><strong>eiusdem</strong></span> <span class='ocrx_word' id='word_1_154' title='bbox 1065 3120 1237 3199; x_wconf 83' lang='lat' dir='ltr'><strong>regie</strong></span> <span class='ocrx_word' id='word_1_155' title='bbox 1288 3120 1630 3181; x_wconf 86' lang='lat' dir='ltr'><strong>maiestatis</strong></span> <span class='ocrx_word' id='word_1_156' title='bbox 1665 3122 1724 3180; x_wconf 90' lang='lat' dir='ltr'><strong>in</strong></span> <span class='ocrx_word' id='word_1_157' title='bbox 1760 3122 1996 3181; x_wconf 87' lang='lat' dir='ltr'><strong>eisdem</strong></span> <span class='ocrx_word' id='word_1_158' title='bbox 2044 3122 2261 3181; x_wconf 86' lang='lat' dir='ltr'><strong>litteris</strong></span> <span class='ocrx_word' id='word_1_159' title='bbox 2296 3120 2635 3181; x_wconf 86' lang='lat' dir='ltr'><strong>statutoriis</strong></span> <span class='ocrx_word' id='word_1_160' title='bbox 2684 3120 3047 3179; x_wconf 91' lang='lat' dir='ltr'><strong>nominatim</strong></span> <span class='ocrx_word' id='word_1_161' title='bbox 3079 3119 3311 3179; x_wconf 89' lang='lat' dir='ltr'><strong>inserto</strong></span> 
     </span>
     <span class='ocr_line' id='line_1_22' title="bbox 751 3226 3310 3308; baseline -0.002 -21"><span class='ocrx_word' id='word_1_162' title='bbox 751 3236 813 3287; x_wconf 90' lang='lat' dir='ltr'><strong>et</strong></span> <span class='ocrx_word' id='word_1_163' title='bbox 859 3246 1174 3304; x_wconf 83' lang='lat' dir='ltr'><strong>expresso,</strong></span> <span class='ocrx_word' id='word_1_164' title='bbox 1223 3227 1426 3287; x_wconf 88' lang='lat' dir='ltr'><strong>virum</strong></span> <span class='ocrx_word' id='word_1_165' title='bbox 1473 3228 1810 3288; x_wconf 86' lang='lat' dir='ltr'><strong>discretum</strong></span> <span class='ocrx_word' id='word_1_166' title='bbox 1858 3229 2230 3308; x_wconf 84' lang='lat' dir='ltr'><strong>magistrum</strong></span> <span class='ocrx_word' id='word_1_167' title='bbox 2286 3230 2625 3288; x_wconf 86' lang='lat' dir='ltr'><strong>Iohannem</strong></span> <span class='ocrx_word' id='word_1_168' title='bbox 2671 3228 2765 3286; x_wconf 84' lang='lat' dir='ltr'><strong>de·</strong></span> <span class='ocrx_word' id='word_1_169' title='bbox 2799 3226 3166 3286; x_wconf 80' lang='lat' dir='ltr'><strong>Morowcha</strong></span> <span class='ocrx_word' id='word_1_170' title='bbox 3214 3244 3310 3283; x_wconf 90' lang='lat' dir='ltr'><strong>so-</strong></span> 
     </span>
     <span class='ocr_line' id='line_1_23' title="bbox 751 3334 3311 3416; baseline -0.001 -21"><span class='ocrx_word' id='word_1_171' title='bbox 751 3336 915 3395; x_wconf 86' lang='lat' dir='ltr'><strong>cium</strong></span> <span class='ocrx_word' id='word_1_172' title='bbox 962 3343 1024 3394; x_wconf 90' lang='lat' dir='ltr'><strong>et</strong></span> <span class='ocrx_word' id='word_1_173' title='bbox 1073 3336 1564 3395; x_wconf 85' lang='lat' dir='ltr'><strong>concanonicum</strong></span> <span class='ocrx_word' id='word_1_174' title='bbox 1597 3346 1896 3410; x_wconf 86' lang='lat' dir='ltr'><strong>nostrum,</strong></span> <span class='ocrx_word' id='word_1_175' title='bbox 1919 3338 2011 3397; x_wconf 84' lang='lat' dir='ltr'><strong>ad</strong></span> <span class='ocrx_word' id='word_1_176' title='bbox 2056 3338 2257 3416; x_wconf 89' lang='lat' dir='ltr'><strong>ipsam</strong></span> <span class='ocrx_word' id='word_1_177' title='bbox 2293 3336 2853 3415; x_wconf 84' lang='lat' dir='ltr'><strong>possessionariam</strong></span> <span class='ocrx_word' id='word_1_178' title='bbox 2902 3334 3311 3395; x_wconf 88' lang='lat' dir='ltr'><strong>statucionem</strong></span> 
     </span>
     <span class='ocr_line' id='line_1_24' title="bbox 751 3441 3311 3521; baseline -0.001 -20"><span class='ocrx_word' id='word_1_179' title='bbox 751 3441 1098 3501; x_wconf 86' lang='lat' dir='ltr'><strong>faciendam</strong></span> <span class='ocrx_word' id='word_1_180' title='bbox 1149 3462 1262 3520; x_wconf 92' lang='lat' dir='ltr'><strong>pro</strong></span> <span class='ocrx_word' id='word_1_181' title='bbox 1311 3443 1665 3504; x_wconf 90' lang='lat' dir='ltr'><strong>testimonio</strong></span> <span class='ocrx_word' id='word_1_182' title='bbox 1714 3445 2111 3504; x_wconf 85' lang='lat' dir='ltr'><strong>duxissemus</strong></span> <span class='ocrx_word' id='word_1_183' title='bbox 2159 3444 2719 3513; x_wconf 75' lang='lat' dir='ltr'><strong>transmittendum,</strong></span> <span class='ocrx_word' id='word_1_184' title='bbox 2779 3444 2884 3521; x_wconf 92' lang='lat' dir='ltr'><strong>qui</strong></span> <span class='ocrx_word' id='word_1_185' title='bbox 2932 3444 3183 3502; x_wconf 87' lang='lat' dir='ltr'><strong>demum</strong></span> <span class='ocrx_word' id='word_1_186' title='bbox 3232 3442 3311 3500; x_wconf 92' lang='lat' dir='ltr'><strong>ad</strong></span> 
     </span>
     <span class='ocr_line' id='line_1_25' title="bbox 751 3550 3311 3630; baseline -0.001 -20"><span class='ocrx_word' id='word_1_187' title='bbox 751 3570 866 3610; x_wconf 89' lang='lat' dir='ltr'><strong>nos</strong></span> <span class='ocrx_word' id='word_1_188' title='bbox 915 3550 1154 3618; x_wconf 81' lang='lat' dir='ltr'><strong>exinde,</strong></span> <span class='ocrx_word' id='word_1_189' title='bbox 1201 3553 1454 3626; x_wconf 88' lang='lat' dir='ltr'><strong>reuersi,</strong></span> <span class='ocrx_word' id='word_1_190' title='bbox 1521 3552 1700 3612; x_wconf 88' lang='lat' dir='ltr'><strong>nobis</strong></span> <span class='ocrx_word' id='word_1_191' title='bbox 1765 3554 2156 3613; x_wconf 89' lang='lat' dir='ltr'><strong>concorditer</strong></span> <span class='ocrx_word' id='word_1_192' title='bbox 2219 3554 2576 3625; x_wconf 88' lang='lat' dir='ltr'><strong>retulerunt,</strong></span> <span class='ocrx_word' id='word_1_193' title='bbox 2646 3553 2813 3630; x_wconf 92' lang='lat' dir='ltr'><strong>quod</strong></span> <span class='ocrx_word' id='word_1_194' title='bbox 2873 3550 2990 3629; x_wconf 89' lang='lat' dir='ltr'><strong>ipsi</strong></span> <span class='ocrx_word' id='word_1_195' title='bbox 3048 3550 3311 3609; x_wconf 85' lang='lat' dir='ltr'><strong>sabbato</strong></span> 
     </span>
     <span class='ocr_line' id='line_1_26' title="bbox 751 3656 3311 3739; baseline -0.001 -22"><span class='ocrx_word' id='word_1_196' title='bbox 751 3658 1033 3737; x_wconf 82' lang='lat' dir='ltr'><strong>proximo</strong></span> <span class='ocrx_word' id='word_1_197' title='bbox 1080 3668 1222 3738; x_wconf 92' lang='lat' dir='ltr'><strong>post</strong></span> <span class='ocrx_word' id='word_1_198' title='bbox 1267 3660 1494 3720; x_wconf 86' lang='lat' dir='ltr'><strong>festum</strong></span> <span class='ocrx_word' id='word_1_199' title='bbox 1539 3662 1710 3721; x_wconf 89' lang='lat' dir='ltr'><strong>beati</strong></span> <span class='ocrx_word' id='word_1_200' title='bbox 1755 3662 1965 3721; x_wconf 89' lang='lat' dir='ltr'><strong>Iacobi</strong></span> <span class='ocrx_word' id='word_1_201' title='bbox 2014 3661 2278 3739; x_wconf 90' lang='lat' dir='ltr'><strong>apostoli</strong></span> <span class='ocrx_word' id='word_1_202' title='bbox 2336 3660 2613 3739; x_wconf 86' lang='lat' dir='ltr'><strong>proxime</strong></span> <span class='ocrx_word' id='word_1_203' title='bbox 2662 3659 3020 3737; x_wconf 87' lang='lat' dir='ltr'><strong>preteritum</strong></span> <span class='ocrx_word' id='word_1_204' title='bbox 3070 3666 3131 3717; x_wconf 91' lang='lat' dir='ltr'><strong>et</strong></span> <span class='ocrx_word' id='word_1_205' title='bbox 3179 3656 3311 3716; x_wconf 88' lang='lat' dir='ltr'><strong>aliis</strong></span> 
     </span>
     <span class='ocr_line' id='line_1_27' title="bbox 753 3764 3311 3847; baseline -0.001 -21"><span class='ocrx_word' id='word_1_206' title='bbox 753 3766 971 3827; x_wconf 88' lang='lat' dir='ltr'><strong>diebus</strong></span> <span class='ocrx_word' id='word_1_207' title='bbox 1005 3768 1544 3846; x_wconf 78' lang='lat' dir='ltr'><strong>subsequentibu8‚</strong></span> <span class='ocrx_word' id='word_1_208' title='bbox 1593 3770 1762 3828; x_wconf 85' lang='lat' dir='ltr'><strong>iuxta</strong></span> <span class='ocrx_word' id='word_1_209' title='bbox 1795 3768 2307 3829; x_wconf 86' lang='lat' dir='ltr'><strong>consuetudinem</strong></span> <span class='ocrx_word' id='word_1_210' title='bbox 2346 3768 2536 3847; x_wconf 78' lang='lat' dir='ltr'><strong>regni</strong></span> <span class='ocrx_word' id='word_1_211' title='bbox 2556 3769 2635 3827; x_wconf 89' lang='lat' dir='ltr'><strong>ad</strong></span> <span class='ocrx_word' id='word_1_212' title='bbox 2670 3768 2731 3826; x_wconf 87' lang='lat' dir='ltr'><strong>id</strong></span> <span class='ocrx_word' id='word_1_213' title='bbox 2764 3764 2942 3845; x_wconf 77' lang='lat' dir='ltr'><strong>aptis·‚</strong></span> <span class='ocrx_word' id='word_1_214' title='bbox 2976 3766 3057 3825; x_wconf 90' lang='lat' dir='ltr'><strong>ad</strong></span> <span class='ocrx_word' id='word_1_215' title='bbox 3087 3765 3311 3825; x_wconf 87' lang='lat' dir='ltr'><strong>faciem</strong></span> 
     </span>
     <span class='ocr_line' id='line_1_28' title="bbox 753 3873 3310 3957; baseline -0.001 -23"><span class='ocrx_word' id='word_1_216' title='bbox 753 3874 1169 3953; x_wconf 86' lang='lat' dir='ltr'><strong>possessionis</strong></span> <span class='ocrx_word' id='word_1_217' title='bbox 1219 3877 1618 3937; x_wconf 86' lang='lat' dir='ltr'><strong>Petrusowcz</strong></span> <span class='ocrx_word' id='word_1_218' title='bbox 1687 3886 1924 3951; x_wconf 77' lang='lat' dir='ltr'><strong>vocate,</strong></span> <span class='ocrx_word' id='word_1_219' title='bbox 1986 3878 2047 3937; x_wconf 90' lang='lat' dir='ltr'><strong>in</strong></span> <span class='ocrx_word' id='word_1_220' title='bbox 2096 3878 2394 3937; x_wconf 89' lang='lat' dir='ltr'><strong>comitatu</strong></span> <span class='ocrx_word' id='word_1_221' title='bbox 2440 3876 2851 3957; x_wconf 83' lang='lat' dir='ltr'><strong>Zagrabiensi</strong></span> <span class='ocrx_word' id='word_1_222' title='bbox 2898 3883 2959 3935; x_wconf 90' lang='lat' dir='ltr'><strong>et</strong></span> <span class='ocrx_word' id='word_1_223' title='bbox 3020 3874 3081 3933; x_wconf 91' lang='lat' dir='ltr'><strong>in</strong></span> <span class='ocrx_word' id='word_1_224' title='bbox 3128 3873 3310 3953; x_wconf 88' lang='lat' dir='ltr'><strong>perti-</strong></span> 
     </span>
     <span class='ocr_line' id='line_1_29' title="bbox 754 3982 3309 4062; baseline -0 -21"><span class='ocrx_word' id='word_1_225' title='bbox 754 3982 988 4042; x_wconf 89' lang='lat' dir='ltr'><strong>nenciis</strong></span> <span class='ocrx_word' id='word_1_226' title='bbox 1037 3984 1224 4043; x_wconf 88' lang='lat' dir='ltr'><strong>castri</strong></span> <span class='ocrx_word' id='word_1_227' title='bbox 1273 3985 1524 4045; x_wconf 87' lang='lat' dir='ltr'><strong>Medwe</strong></span> <span class='ocrx_word' id='word_1_228' title='bbox 1573 3985 1892 4045; x_wconf 82' lang='lat' dir='ltr'><strong>existentis</strong></span> <span class='ocrx_word' id='word_1_229' title='bbox 1942 3993 2003 4045; x_wconf 91' lang='lat' dir='ltr'><strong>et</strong></span> <span class='ocrx_word' id='word_1_230' title='bbox 2051 3985 2261 4045; x_wconf 89' lang='lat' dir='ltr'><strong>habite</strong></span> <span class='ocrx_word' id='word_1_231' title='bbox 2327 3984 2558 4062; x_wconf 84' lang='lat' dir='ltr'><strong>pariter</strong></span> <span class='ocrx_word' id='word_1_232' title='bbox 2606 3984 2981 4054; x_wconf 87' lang='lat' dir='ltr'><strong>accedend0‚</strong></span> <span class='ocrx_word' id='word_1_233' title='bbox 3046 3983 3309 4042; x_wconf 87' lang='lat' dir='ltr'><strong>eandem</strong></span> 
     </span>
     <span class='ocr_line' id='line_1_30' title="bbox 753 4089 3311 4170; baseline -0.001 -20"><span class='ocrx_word' id='word_1_234' title='bbox 753 4091 970 4151; x_wconf 88' lang='lat' dir='ltr'><strong>vicinis</strong></span> <span class='ocrx_word' id='word_1_235' title='bbox 1019 4100 1082 4151; x_wconf 89' lang='lat' dir='ltr'><strong>et</strong></span> <span class='ocrx_word' id='word_1_236' title='bbox 1132 4094 1577 4153; x_wconf 88' lang='lat' dir='ltr'><strong>commetaneis</strong></span> <span class='ocrx_word' id='word_1_237' title='bbox 1627 4093 1908 4153; x_wconf 87' lang='lat' dir='ltr'><strong>eiusdem</strong></span> <span class='ocrx_word' id='word_1_238' title='bbox 1955 4094 2104 4153; x_wconf 89' lang='lat' dir='ltr'><strong>inibi</strong></span> <span class='ocrx_word' id='word_1_239' title='bbox 2152 4092 2511 4153; x_wconf 88' lang='lat' dir='ltr'><strong>conuocatis</strong></span> <span class='ocrx_word' id='word_1_240' title='bbox 2560 4100 2622 4152; x_wconf 89' lang='lat' dir='ltr'><strong>et</strong></span> <span class='ocrx_word' id='word_1_241' title='bbox 2668 4090 3076 4170; x_wconf 80' lang='lat' dir='ltr'><strong>presenfibuS,</strong></span> <span class='ocrx_word' id='word_1_242' title='bbox 3146 4089 3311 4148; x_wconf 90' lang='lat' dir='ltr'><strong>nullo</strong></span> 
     </span>
     <span class='ocr_line' id='line_1_31' title="bbox 753 4184 3313 4280; baseline -0.001 -22"><span class='ocrx_word' id='word_1_243' title='bbox 753 4199 998 4278; x_wconf 89' lang='lat' dir='ltr'><strong>penitus</strong></span> <span class='ocrx_word' id='word_1_244' title='bbox 1048 4200 1500 4261; x_wconf 84' lang='lat' dir='ltr'><strong>contradictore</strong></span> <span class='ocrx_word' id='word_1_245' title='bbox 1548 4184 1696 4261; x_wconf 91' lang='lat' dir='ltr'><strong>inibi</strong></span> <span class='ocrx_word' id='word_1_246' title='bbox 1745 4210 2104 4280; x_wconf 86' lang='lat' dir='ltr'><strong>apparente,</strong></span> <span class='ocrx_word' id='word_1_247' title='bbox 2152 4201 2321 4260; x_wconf 88' lang='lat' dir='ltr'><strong>iuxta</strong></span> <span class='ocrx_word' id='word_1_248' title='bbox 2354 4200 2765 4260; x_wconf 87' lang='lat' dir='ltr'><strong>donacionem</strong></span> <span class='ocrx_word' id='word_1_249' title='bbox 2812 4198 3091 4257; x_wconf 88' lang='lat' dir='ltr'><strong>eiusdem</strong></span> <span class='ocrx_word' id='word_1_250' title='bbox 3140 4196 3313 4275; x_wconf 84' lang='lat' dir='ltr'><strong>regie</strong></span> 
     </span>
     <span class='ocr_line' id='line_1_32' title="bbox 755 4302 3313 4381; baseline -0.002 -14"><span class='ocrx_word' id='word_1_251' title='bbox 755 4306 1116 4381; x_wconf 79' lang='lat' dir='ltr'><strong>maiestatiS‚</strong></span> <span class='ocrx_word' id='word_1_252' title='bbox 1165 4307 1370 4367; x_wconf 88' lang='lat' dir='ltr'><strong>eidem</strong></span> <span class='ocrx_word' id='word_1_253' title='bbox 1402 4309 1672 4368; x_wconf 86' lang='lat' dir='ltr'><strong>claustro</strong></span> <span class='ocrx_word' id='word_1_254' title='bbox 1707 4317 1768 4368; x_wconf 89' lang='lat' dir='ltr'><strong>et</strong></span> <span class='ocrx_word' id='word_1_255' title='bbox 1813 4308 2108 4368; x_wconf 85' lang='lat' dir='ltr'><strong>fratribus</strong></span> <span class='ocrx_word' id='word_1_256' title='bbox 2139 4308 2204 4367; x_wconf 89' lang='lat' dir='ltr'><strong>in</strong></span> <span class='ocrx_word' id='word_1_257' title='bbox 2236 4308 2458 4368; x_wconf 88' lang='lat' dir='ltr'><strong>eodem</strong></span> <span class='ocrx_word' id='word_1_258' title='bbox 2508 4305 3035 4367; x_wconf 85' lang='lat' dir='ltr'><strong>commorantibus</strong></span> <span class='ocrx_word' id='word_1_259' title='bbox 3066 4302 3313 4375; x_wconf 88' lang='lat' dir='ltr'><strong>factam,</strong></span> 
     </span>
     <span class='ocr_line' id='line_1_33' title="bbox 752 4410 3315 4494; baseline -0.002 -20"><span class='ocrx_word' id='word_1_260' title='bbox 752 4423 1056 4493; x_wconf 86' lang='lat' dir='ltr'><strong>perpetuo</strong></span> <span class='ocrx_word' id='word_1_261' title='bbox 1105 4415 1440 4475; x_wconf 86' lang='lat' dir='ltr'><strong>tenendam</strong></span> <span class='ocrx_word' id='word_1_262' title='bbox 1475 4425 1537 4475; x_wconf 89' lang='lat' dir='ltr'><strong>et</strong></span> <span class='ocrx_word' id='word_1_263' title='bbox 1567 4416 2032 4494; x_wconf 85' lang='lat' dir='ltr'><strong>possidendam,</strong></span> <span class='ocrx_word' id='word_1_264' title='bbox 2080 4416 2461 4475; x_wconf 86' lang='lat' dir='ltr'><strong>statuissent.</strong></span> <span class='ocrx_word' id='word_1_265' title='bbox 2508 4414 2575 4474; x_wconf 92' lang='lat' dir='ltr'><strong>In</strong></span> <span class='ocrx_word' id='word_1_266' title='bbox 2609 4414 2784 4474; x_wconf 87' lang='lat' dir='ltr'><strong>cuius</strong></span> <span class='ocrx_word' id='word_1_267' title='bbox 2834 4412 2923 4472; x_wconf 91' lang='lat' dir='ltr'><strong>rei</strong></span> <span class='ocrx_word' id='word_1_268' title='bbox 2950 4410 3315 4471; x_wconf 90' lang='lat' dir='ltr'><strong>memoriam</strong></span> 
     </span>
     <span class='ocr_line' id='line_1_34' title="bbox 754 4520 3313 4603; baseline -0.002 -21"><span class='ocrx_word' id='word_1_269' title='bbox 754 4530 817 4582; x_wconf 87' lang='lat' dir='ltr'><strong>et</strong></span> <span class='ocrx_word' id='word_1_270' title='bbox 861 4522 1216 4583; x_wconf 86' lang='lat' dir='ltr'><strong>firmitatem</strong></span> <span class='ocrx_word' id='word_1_271' title='bbox 1257 4534 1643 4601; x_wconf 87' lang='lat' dir='ltr'><strong>perpetuam,</strong></span> <span class='ocrx_word' id='word_1_272' title='bbox 1691 4524 2086 4602; x_wconf 76' lang='lat' dir='ltr'><strong>presentibus</strong></span> <span class='ocrx_word' id='word_1_273' title='bbox 2120 4524 2389 4603; x_wconf 79' lang='lat' dir='ltr'><strong>sigillum</strong></span> <span class='ocrx_word' id='word_1_274' title='bbox 2436 4530 2719 4583; x_wconf 88' lang='lat' dir='ltr'><strong>nostrum</strong></span> <span class='ocrx_word' id='word_1_275' title='bbox 2746 4520 3033 4581; x_wconf 82' lang='lat' dir='ltr'><strong>duximus</strong></span> <span class='ocrx_word' id='word_1_276' title='bbox 3083 4538 3313 4597; x_wconf 86' lang='lat' dir='ltr'><strong>appen-</strong></span> 
     </span>
     <span class='ocr_line' id='line_1_35' title="bbox 755 4616 3315 4709; baseline -0.002 -19"><span class='ocrx_word' id='word_1_277' title='bbox 755 4630 1042 4691; x_wconf 88' lang='lat' dir='ltr'><strong>dendum.</strong></span> <span class='ocrx_word' id='word_1_278' title='bbox 1094 4632 1322 4692; x_wconf 88' lang='lat' dir='ltr'><strong>Datum</strong></span> <span class='ocrx_word' id='word_1_279' title='bbox 1372 4632 1433 4691; x_wconf 88' lang='lat' dir='ltr'><strong>in</strong></span> <span class='ocrx_word' id='word_1_280' title='bbox 1479 4616 1638 4693; x_wconf 84' lang='lat' dir='ltr'><strong>festo</strong></span> <span class='ocrx_word' id='word_1_281' title='bbox 1688 4634 1769 4693; x_wconf 90' lang='lat' dir='ltr'><strong>ad</strong></span> <span class='ocrx_word' id='word_1_282' title='bbox 1815 4633 2065 4693; x_wconf 87' lang='lat' dir='ltr'><strong>uincula</strong></span> <span class='ocrx_word' id='word_1_283' title='bbox 2112 4632 2278 4693; x_wconf 89' lang='lat' dir='ltr'><strong>beati</strong></span> <span class='ocrx_word' id='word_1_284' title='bbox 2325 4632 2493 4691; x_wconf 89' lang='lat' dir='ltr'><strong>Petri</strong></span> <span class='ocrx_word' id='word_1_285' title='bbox 2542 4630 2822 4709; x_wconf 87' lang='lat' dir='ltr'><strong>apostoli,</strong></span> <span class='ocrx_word' id='word_1_286' title='bbox 2872 4648 3035 4689; x_wconf 88' lang='lat' dir='ltr'><strong>anno</strong></span> <span class='ocrx_word' id='word_1_287' title='bbox 3084 4625 3315 4687; x_wconf 88' lang='lat' dir='ltr'><strong>domini</strong></span> 
     </span>
     <span class='ocr_line' id='line_1_36' title="bbox 756 4738 2384 4821; baseline 0.001 -24"><span class='ocrx_word' id='word_1_288' title='bbox 756 4738 1082 4798; x_wconf 91' lang='lat' dir='ltr'><strong>millesimo</strong></span> <span class='ocrx_word' id='word_1_289' title='bbox 1131 4740 1569 4801; x_wconf 83' lang='lat' dir='ltr'><strong>trecentesimo</strong></span> <span class='ocrx_word' id='word_1_290' title='bbox 1618 4741 2051 4821; x_wconf 84' lang='lat' dir='ltr'><strong>octuagesimo</strong></span> <span class='ocrx_word' id='word_1_291' title='bbox 2100 4740 2384 4819; x_wconf 81' lang='lat' dir='ltr'><strong>septimo,</strong></span> 
     </span>
    </p>
   </div>
   <div class='ocr_carea' id='block_1_7' title="bbox 755 4854 3311 5043">
    <p class='ocr_par' dir='ltr' id='par_1_7' title="bbox 755 4854 3311 5043">
     <span class='ocr_line' id='line_1_37' title="bbox 970 4854 3309 4949; baseline -0.004 -15"><span class='ocrx_word' id='word_1_292' title='bbox 970 4854 1251 4947; x_wconf 73' lang='lat' dir='ltr'><strong>originale</strong></span> <span class='ocrx_word' id='word_1_293' title='bbox 1293 4883 1733 4935; x_wconf 77' lang='lat' dir='ltr'><strong>nwmbraneum.</strong></span> <span class='ocrx_word' id='word_1_294' title='bbox 1796 4881 2053 4949; x_wconf 85' lang='lat' dir='ltr'><strong>Sigillum</strong></span> <span class='ocrx_word' id='word_1_295' title='bbox 2092 4886 2145 4935; x_wconf 84' lang='lat' dir='ltr'><strong>et</strong></span> <span class='ocrx_word' id='word_1_296' title='bbox 2184 4896 2329 4934; x_wconf 87' lang='lat' dir='ltr'><strong>zona</strong></span> <span class='ocrx_word' id='word_1_297' title='bbox 2365 4879 2545 4949; x_wconf 86' lang='lat' dir='ltr'><strong>periit.</strong></span> <span class='ocrx_word' id='word_1_298' title='bbox 2620 4876 2683 4931; x_wconf 89' lang='lat' dir='ltr'><strong>In</strong></span> <span class='ocrx_word' id='word_1_299' title='bbox 2724 4878 2955 4931; x_wconf 75' lang='lat' dir='ltr'><strong>archivo</strong></span> <span class='ocrx_word' id='word_1_300' title='bbox 2996 4891 3210 4944; x_wconf 82' lang='lat' dir='ltr'><strong>regnor.</strong></span> <span class='ocrx_word' id='word_1_301' title='bbox 3250 4872 3309 4928; x_wconf 89' lang='lat' dir='ltr'><strong>C.</strong></span> 
     </span>
     <span class='ocr_line' id='line_1_38' title="bbox 755 4962 3311 5043; baseline -0.004 -16"><span class='ocrx_word' id='word_1_302' title='bbox 755 4970 809 5027; x_wconf 82' lang='lat' dir='ltr'><strong>S.</strong></span> <span class='ocrx_word' id='word_1_303' title='bbox 835 4973 890 5025; x_wconf 85' lang='lat' dir='ltr'><strong>et</strong></span> <span class='ocrx_word' id='word_1_304' title='bbox 917 4970 1008 5027; x_wconf 84' lang='lat'>1).:</span> <span class='ocrx_word' id='word_1_305' title='bbox 1045 4970 1176 5028; x_wconf 82' lang='lat' dir='ltr'><strong>Doc.</strong></span> <span class='ocrx_word' id='word_1_306' title='bbox 1206 4971 1374 5027; x_wconf 85' lang='lat' dir='ltr'><strong>medii</strong></span> <span class='ocrx_word' id='word_1_307' title='bbox 1400 4970 1527 5027; x_wconf 78' lang='lat' dir='ltr'><strong>aevi</strong></span> <span class='ocrx_word' id='word_1_308' title='bbox 1566 4988 1618 5029; x_wconf 82' lang='lat' dir='ltr'><strong>a.</strong></span> <span class='ocrx_word' id='word_1_309' title='bbox 1646 4970 1818 5043; x_wconf 66' lang='lat'>1387„</span> <span class='ocrx_word' id='word_1_310' title='bbox 1859 4970 1997 5026; x_wconf 86' lang='lat' dir='ltr'><strong>olim</strong></span> <span class='ocrx_word' id='word_1_311' title='bbox 2022 4972 2179 5027; x_wconf 79' lang='lat' dir='ltr'><strong>-Acta</strong></span> <span class='ocrx_word' id='word_1_312' title='bbox 2206 4972 2445 5025; x_wconf 82' lang='lat' dir='ltr'><strong>monast.</strong></span> <span class='ocrx_word' id='word_1_313' title='bbox 2472 4966 2827 5026; x_wconf 76' lang='lat' dir='ltr'><strong>Remetensis</strong></span> <span class='ocrx_word' id='word_1_314' title='bbox 2864 4967 2998 5023; x_wconf 77' lang='lat' dir='ltr'><strong>fasc.</strong></span> <span class='ocrx_word' id='word_1_315' title='bbox 3026 4966 3065 5023; x_wconf 89' lang='lat'><strong>1.</strong></span> <span class='ocrx_word' id='word_1_316' title='bbox 3094 4964 3201 5023; x_wconf 84' lang='lat' dir='ltr'><strong>No.</strong></span> <span class='ocrx_word' id='word_1_317' title='bbox 3232 4962 3311 5021; x_wconf 80' lang='grc'><strong>19.</strong></span> 
     </span>
    </p>
   </div>
  </div>
 </body>
</html>
