3917 5592
11 868 41 918 13

585 1019 671 1087 87.

1617 488 1702 496 —
1753 453 2042 513 XVII-—

708 752 828 812 dux,
867 752 1196 820 privilegium
1237 753 1485 804 Lodovici
1525 754 1680 821 regis,
1716 770 1874 820 super
1911 755 2235 806 libertatibus
2258 756 2511 805 nobilium
2554 755 2889 821 iobagionum

709 841 893 906 Campi
932 842 1294 908 Zagrabiensis
1329 860 1376 895 8.
1424 842 1574 909 1364.
1611 842 1660 898 6.
1699 845 1868 894 martii
1909 854 2225 904 emanatum,
2279 860 2375 909 pro
2412 845 2609 895 eisdem
2666 845 2895 911 iobsgio-

707 930 861 980 nibus
897 932 1178 982 transumit
1294 968 2887 989 .......................

715 1023 866 1071 Α11110
912 1036 1063 1087 1372.
1105 1036 1150 1088 5.
1190 1020 1434 1075 octobris.
1475 1022 1667 1072 Coram
1706 1022 1932 1088 capitulo
1984 1022 2231 1073 ecclesiae
2272 1022 2649 1093 Zagrabiensis,
2686 1022 2811 1071 Wllt
2849 1030 2899 1072 et

711 1109 967 1171 Gerdech,
1005 1110 1368 1181 possessiones
1406 1126 1526 1161 suas
1564 1111 1698 1161 circa
1749 1112 2020 1162 ecclesiam
2058 1126 2101 1162 s.
2142 1112 2449 1163 Katherinae
2489 1112 2628 1173 sitas,
2680 1110 2897 1171 Malech,

717 1200 946 1249 Wranek
985 1208 1036 1249 et
1073 1200 1373 1267 Chadonya,
1423 1216 1628 1252 necnon
1681 1184 1868 1263 E'ndre,
1905 1197 2033 1262 Kus,
2072 1202 2231 1263 Mark,
2272 1201 2545 1268 Philippo,
2580 1201 2808 1268 Georgio
2850 1210 2901 1249 et

696 1289 932 1350 Crisano,
970 1290 1149 1341 decem
1190 1300 1242 1348 et
1278 1301 1480 1356 septem
1519 1291 1726 1353 marcis,
1764 1292 2012 1341 vendunt.
2090 1324 2891 1344 ............

594 1378 678 1429 88.
719 1380 871 1429 Anno
917 1394 1066 1445 1372.
1116 1394 1194 1430 xo.
1235 1380 1549 1431 novembris.
1579 1380 1876 1445 Capitulum
1903 1380 2154 1431 ecclesiae
2180 1380 2554 1447 Zagrabiensis,
2583 1380 2753 1431 literas
2779 1393 2901 1428 suas

713 1485 758 1519 a.
808 1468 956 1534 1360.
999 1484 1082 1519 20.
1122 1468 1248 1519 1111111
1287 1485 1447 1530 super
1483 1469 1781 1521 venditione
1807 1472 2131 1537 quarundam
2164 1469 2557 1536 possessionum
2599 1484 2691 1534 per
2730 1468 2902 1533 Taysa

717 1556 881 1607 fllium
923 1558 1090 1609 iacobi
1131 1559 1196 1609 de
1235 1560 1518 1609 Moroucha
1557 1558 1676 1609 filiis
1713 1559 1924 1610 Chernk
1961 1561 2025 1610 de
2064 1562 2263 1625 Campo
2290 1570 2569 1619 emanatas,
2606 1558 2899 1609 transumit.

590 1647 676 1714 89.
719 1649 870 1697 Anno
917 1662 1065 1714 1373.
1106 1664 1188 1716 29.
1242 1648 1428 1701 martii.
1479 1650 1779 1716 Capitulum
1831 1649 2077 1700 ecclesiae
2128 1648 2502 1715 Zagrabiensis,
2554 1658 2720 1697 metas
2769 1647 2902 1696 inter

584 1842 652 1893 9⁰

587 2204 645 2254 91

588 2472 674 2523 92.

590 2922 674 2972 93.

589 3457 675 3509 94·

591 3904 676 3956 95·

591 4337 673 4406 96.

590 4623 676 4675 97·

591 4875 677 4944 98.

712 1738 1078 1801 possessiones
1114 1738 1512 1804 generationum
1552 1739 1616 1789 de
1653 1738 1959 1804 Lomnycha
2000 1750 2049 1789 et
2090 1739 2299 1788 Wlkota
2339 1737 2664 1788 determinat.
2732 1773 2746 1789 .
2802 1772 2817 1788 .
2874 1770 2889 1788 .

711 1829 862 1877 Anno
909 1844 1059 1894 1374.
1100 1842 1182 1895 25.
1223 1827 1484 1881 februarii.
1523 1829 1713 1879 Coram
1741 1829 1967 1895 capitulo
2004 1828 2251 1879 ecclesiae
2275 1825 2654 1894 ZagrabiensiS,
2695 1827 2898 1886 Petrus,

715 1918 1000 1983 Gregorius
1039 1929 1089 1968 et
1126 1918 1396 1969 Ladislaus
1435 1918 1525 1969 filii
1565 1918 1757 1970 Nicolai
1798 1920 1860 1969 de
1900 1918 2089 1969 Minori
2143 1920 2323 1979 Mlaka,
2374 1928 2563 1968 terram
2603 1932 2751 1967 8118111
2792 1916 2898 1965 Mae

709 2007 1193 2073 lykozthanyewecz
1230 2022 1324 2058 seu
1363 2008 1592 2075 Nowalty
1621 2016 1873 2069 vocatam,
1901 2006 2211 2058 nominatim
2238 2008 2497 2073 expressis
2534 2006 2585 2055 in
2626 2006 2739 2072 ipsa
2764 2016 2898 2056 terra

709 2097 1054 2147 residentibus
1092 2097 1410 2160 hominibus,
1450 2098 1546 2147 sub
1584 2098 1738 2148 certis
1763 2097 2152 2148 conditionibus
2189 2106 2239 2147 et
2277 2096 2644 2158 solutionibus,
2684 2096 2894 2147 donant.

715 2188 864 2237 Anno
911 2186 1060 2254 1376.
1099 2186 1151 2239 6.
1191 2188 1319 2245 iulii.
1359 2188 1654 2255 Zagrabiae.
1705 2187 1875 2237 Litera
1924 2186 2053 2240 olim
2094 2186 2287 2236 Nicolai
2338 2187 2401 2236 de
2458 2187 2637 2236 Virtus
2685 2184 2891 2236 comitis

712 2276 1073 2342 Zagrabiensis
1111 2287 1162 2328 et
1199 2277 1460 2328 castellani
1497 2278 1561 2328 de
1601 2278 1803 2344 Medue,
1844 2291 1901 2327 ac
1941 2277 2078 2326 iwan
2118 2274 2206 2325 filii
2249 2275 2505 2341 Gregorii,
2545 2274 2753 2325 comitis
2792 2284 2895 2325 ter-

718 2366 896 2419 restris
933 2365 1118 2432 Campi
1157 2366 1516 2434 Zagrabiensis
1519 2398 2887 2419 ....................

713 2458 865 2506 Α11110
909 2454 1058 2523 1376.
1101 2470 1183 2521 24.
1221 2456 1540 2507 novembris.
1579 2454 1858 2522 Zagrabiae
1915 2454 2157 2505 Nicolaus
2194 2454 2258 2503 de
2298 2453 2549 2504 Werthus
2585 2467 2765 2503 comes
2802 2454 2898 2504 Za-

713 2544 1015 2612 grabiensis,
1054 2560 1112 2596 ac
1151 2546 1288 2596 lwan
1327 2544 1466 2595 filius
1501 2544 1760 2612 Gregorii,
1798 2559 1977 2595 comes
2017 2543 2273 2594 terrestris
2310 2543 2491 2609 Campi
2521 2542 2897 2611 Zagrabiensis,

715 2636 1124 2685 controversiam
1161 2635 1362 2687 ratione
1399 2646 1612 2702 quartae
1647 2634 1807 2700 partis
1845 2632 2196 2699 possessionis
2227 2632 2496 2693 Mrachlin,
2536 2633 2671 2682 inter
2707 2632 2898 2683 Barna-

716 2725 835 2775 bam
873 2740 932 2775 ac
971 2725 1108 2774 iwan
1148 2724 1284 2775 filios
1323 2725 1436 2775 lbra
1471 2726 1536 2775 ab
1577 2738 1692 2785 una,
1731 2724 1794 2774 ab
1833 2725 1990 2774 altera
2027 2734 2200 2773 autem
2240 2733 2383 2788 parte
2421 2722 2558 2771 iwan
2586 2721 2749 2772 filium
2790 2723 2897 2772 Me-

717 2814 868 2865 tehen
909 2814 974 2864 de
1011 2813 1260 2864 Mrachlin
1300 2824 1604 2874 vertentem,
1643 2812 1836 2863 iudicio
1875 2812 2143 2863 dirimunt.
2230 2846 2889 2865 ..........

717 2905 868 2953 Anno
915 2918 1063 2970 ¹377·
1107 2919 1188 2954 22.
1229 2903 1372 2957 iunii.
1413 2902 1708 2970 Zagrabiae.
1746 2902 1937 2953 Coram
1966 2902 2213 2968 magistro
2241 2898 2455 2953 Nicolao
2492 2900 2557 2951 de
2595 2901 2773 2951 Virtus
2810 2916 2899 2951 co-

716 2993 840 3043 mite
879 2992 1210 3059 Zagrabiensi
1248 2994 1633 3058 castellanoque
1671 2993 1734 3042 de
1773 2992 1976 3060 Medae,
2016 3002 2067 3041 et
2106 2991 2242 3041 Iwan
2283 2990 2391 3041 filio
2429 2990 2666 3056 Gregori,
2706 2990 2897 3041 comite

713 3083 942 3133 terrestri
981 3084 1046 3131 de
1082 3083 1284 3149 Campo
1310 3082 1658 3149 Zagrabiensi,
1697 3083 1906 3149 questio
1931 3080 2135 3132 ratione
2172 3080 2521 3146 possessionis
2562 3080 2727 3141 Pleza,
2766 3080 2899 3130 inter

713 3172 1010 3223 Ladislaum
1037 3170 1202 3223 filium
1240 3172 1480 3223 Thomae
1519 3170 1792 3238 filiumque
1829 3187 1985 3222 suum
2014 3170 2336 3221 Anthonium
2376 3170 2440 3221 ab
2480 3186 2598 3231 11118,
2638 3180 2687 3219 et
2724 3169 2787 3220 ab
2826 3171 2897 3221 al-

717 3271 824 3312 tera
862 3272 1007 3327 parte
1045 3260 1322 3312 Mat-tinum
1361 3272 1414 3312 et
1451 3262 1661 3312 Petrum
1701 3260 1838 3311 filios
1877 3259 2123 3311 Iohannis
2158 3270 2288 3321 orta,
2328 3275 2420 3325 per
2447 3259 2643 3309 iudices
2682 3258 2901 3309 arbitros

713 3352 1022 3402 deliberatur
1024 3384 2892 3406 ...........................

717 3443 870 3491 Α11110
915 3454 1065 3507 1377.
1105 3439 1157 3492 6.
1196 3440 1323 3492 iulii.
1364 3440 1660 3507 Zagrabiae.
1699 3440 1891 3491 Coram
1933 3440 2145 3490 Nicoiao
2172 3439 2235 3489 de
2265 3439 2441 3488 Virtus
2479 3438 2670 3488 comite
2710 3438 2897 3502 Zagra·

713 3531 880 3581 biensi
917 3546 975 3582 ac
1015 3532 1152 3581 lwan
1192 3529 1300 3581 filio
1339 3530 1598 3597 Gregorii,
1635 3530 1828 3581 comite
1865 3530 2094 3581 terrestri
2124 3527 2307 3595 Campi
2335 3526 2713 3594 Zagrabiensis,
2750 3525 2900 3576 nobi-

713 3622 788 3671 les
827 3618 1128 3687 iobagiones
1167 3620 1230 3671 de
1269 3620 1552 3671 Kotilouch
1592 3635 1711 3670 cum
1754 3619 1973 3670 Mat-tino
2012 3630 2062 3669 et
2102 3620 2256 3671 Petro
2299 3617 2418 3669 filiis
2458 3617 2651 3669 Vrbani
2693 3618 2756 3667 de
2797 3618 2894 3666 Vr-

717 3708 902 3771 banch,
938 3724 1099 3774 super
1136 3708 1270 3760 facto
1307 3711 1537 3776 quodam
1576 3709 1992 3775 possessionario
2033 3720 2084 3759 et
2137 3710 2256 3759 loco
2294 3707 2579 3758 molendini
2633 3706 2685 3757 in
2742 3706 2901 3756 fluvio

715 3800 855 3850 Odra
893 3799 1193 3861 constituto,
1233 3800 1630 3854 concordantur.
1732 3831 2894 3854 .................

717 3889 868 3939 Anno
915 3902 1064 3956 1379.
1112 3903 1190 3955 ¹5·
1231 3889 1452 3956 augusti.
1479 3888 1772 3956 Zagrabiae.
1813 3889 2003 3939 Coram
2032 3888 2240 3939 Nicolao
2269 3887 2333 3938 de
2356 3887 2537 3938 Virtus
2573 3886 2765 3937 comite
2804 3886 2899 3936 Za·

713 3977 987 4045 grabiensi,
1027 3993 1082 4028 ac
1123 3978 1222 4031 Vid
1249 3978 1440 4028 comite
1478 3978 1704 4029 terrestri
1733 3978 1914 4045 Campi
1941 3977 2325 4044 Zagrabiensis,
2357 3977 2519 4038 Rode,
2558 3976 2813 4026 lohannes
2851 3987 2900 4026 et

715 4068 985 4129 Lucacius,
1022 4050 1411 4134 possessionem
1451 4084 1598 4119 suam
1638 4068 2033 4119 haereditariam
2090 4067 2140 4117 in
2194 4066 2480 4118 monticulo
2530 4081 2574 4121 s.
2627 4066 2901 4117 Katerinae

713 4158 884 4221 sitam,
923 4174 1042 4209 cum
1081 4157 1324 4209 fratribus
1362 4158 1488 4227 81118,
1542 4158 1781 4209 videlicet
1818 4156 1938 4209 filiis
1978 4158 2207 4219 Wlkote,
2262 4156 2555 4207 Wlkomeri
2594 4165 2646 4206 et
2685 4156 2900 4221 Paruos,

717 4248 952 4299 dividunt
956 4282 2893 4303 ...........................

713 4340 864 4388 Anno
911 4337 1057 4405 1380.
1102 4353 1180 4388 12.
1235 4337 1424 4389 martii.
1475 4338 1770 4404 Zagrabiae.
1821 4338 2014 4388 Coram
2054 4336 2153 4387 Vid
2192 4336 2385 4387 comite
2436 4335 2665 4387 terrestri
2716 4336 2899 4401 Campi

715 4426 1092 4494 Zagrabiensis,
1131 4428 1316 4479 Petrus
1354 4427 1492 4478 filius
1529 4428 1698 4479 Iacobi
1737 4443 1856 4478 cum
1897 4427 2139 4477 fratribus
2175 4426 2284 4477 suis
2324 4426 2712 4493 possessionem
2746 4430 2900 4479 'suam

715 4518 766 4567 in
809 4516 1110 4568 Rakitowch
1149 4517 1350 4567 Mireno
1389 4516 1498 4568 filio
1537 4518 1746 4580 Rodicz,
1785 4518 2095 4585 inpignorat.
2162 4552 2893 4570 ...........

717 4608 869 4656 Anno
915 4605 1063 4672 1380.
1111 4622 1189 4671 14.
1225 4606 1420 4672 apriliS.
1461 4607 1754 4671 Zagrabiae.
1795 4608 1977 4657 Petrus
2022 4606 2161 4657 filius
2198 4606 2445 4671 Stephani
2474 4608 2537 4656 de
2564 4608 2765 4672 Campo
2804 4607 2897 4657 Za-

714 4694 990 4762 grabiensi,
1020 4698 1182 4746 homo
1209 4695 1404 4748 Nicolai
1432 4696 1496 4746 de
1537 4696 1754 4756 Wirtus,
1781 4697 1989 4747 comitis
2016 4696 2393 4763 ZagrabiensiS,
2420 4696 2471 4745 in
2502 4695 2729 4761 quodam
2758 4711 2901 4746 man-

716 4786 835 4836 dato
872 4784 1205 4852 inquisitorio
1243 4785 1560 4837 nominatus,
1660 4819 2891 4840 ..................

718 4877 870 4925 Α11110
915 4874 1064 4941 1382.
1107 4889 1153 4928 2.
1193 4874 1340 4926 1111111.
1379 4874 1674 4941 Zagrabiae.
1715 4876 1905 4925 Coram
1945 4875 2158 4926 Nicolao
2196 4873 2387 4925 comite
2439 4872 2668 4923 terrestri
2718 4874 2902 4939 Campi

717 4962 1092 5035 Zagrabiensis,
1130 4964 1402 5017 Ladislaus
1438 4964 1576 5017 filius
1602 4964 1858 5030 Thomae,
1897 4964 2087 5015 nobilis
2123 4963 2293 5025 castri,
2332 4962 2717 5030 possessionem
2754 4978 2901 5012 suam

2922 661 3113 717 Pagina

3046 1305 3114 1355 911

3046 1573 3104 1623 91

3045 1750 3104 1801 91

3042 2114 3106 2164 93

3044 2363 3112 2431 96

3046 3364 3112 3416 97

3022 3812 3117 3845 100

3022 4263 3114 4299 102

3020 4532 3111 4582 103

2909 5068 2975 5131 11.
