3917 5592
3006 456 3139 530 347

587 669 920 752 racionem,
967 670 1496 739 introduccionem
1565 679 1628 738 et
1683 671 2109 739 'statucio'nem
2170 672 2539 755 faciendam,
2603 677 2905 760 legittime
2954 680 3139 741 desti-

586 804 933 860 nassemuS,
981 786 1236 845 tandem
1255 783 1260 788 ’
1282 785 1400 863 ipsi
1431 783 1799 865 iobagiones
1832 782 2031 846 nostri
2062 786 2361 867 fidedigni
2392 787 2457 846 in
2486 787 2816 867 quindenis
2862 787 3139 866 predicte

584 893 737 954 ferie
785 893 1059 953 secunde
1108 892 1330 952 exinde
1365 893 1446 952 ad
1477 911 1594 952 nos
1626 892 1861 953 reversi
1894 903 1958 953 et
1984 912 2099 971 per
2131 912 2246 954 nos
2276 893 2606 974 diligenter
2638 894 2931 974 requisiti,
2964 894 3145 956 nobis

587 1020 662 1061 eo
692 1001 880 1060 modo
912 999 1255 1060 retulerunt
1299 998 1636 1080 fidedigne,
1677 1008 1751 1059 'ut
1780 999 1899 1079 ipsi
1927 999 2088 1061 feria
2119 1000 2398 1061 secunda
2420 1002 2704 1081 proxima
2750 1011 2893 1080 post
2919 1001 3147 1062 festum

586 1108 755 1169 beati
781 1107 1017 1168 Vrbani
1046 1125 1227 1186 pape,
1253 1115 1315 1168 et
1345 1105 1482 1168 aliis
1514 1108 1751 1182 diebuS,
1778 1110 1860 1168 ad
1899 1108 1962 1169 id
1997 1107 2159 1187 aptis
2191 1108 2657 1184 sufficientibuS,
2683 1108 2766 1169 ad
2790 1109 2982 1170 iacies
3008 1130 3147 1188 pre-

586 1216 888 1276 dictarum
939 1215 1410 1294 possessionum
1449 1224 1512 1277 et
1542 1215 1908 1294 porcionum
1953 1215 2591 1295 possessionariarum
2638 1217 2832 1296 ipsius
2880 1219 3169 1278 condam·

584 1323 752 1384 Petri
779 1322 886 1383 filii
919 1322 1066 1384 dicti
1111 1321 1414 1402 Stephani
1459 1323 1521 1382 in
1545 1322 1789 1401 prefata
1827 1324 2037 1384 Losan
2072 1332 2133 1385 et
2158 1323 2291 1384 eius
2316 1324 2621 1385 territorio
2650 1343 2725 1384 ac
2748 1324 3146 1404 pertinenciis

585 1451 697 1492 seu
733 1431 888 1492 alias
921 1430 1122 1490 ubivis
1146 1429 1372 1490 habitis
1402 1437 1465 1489 et
1495 1429 1915 1506 existentibuS,
1941 1430 2161 1491 vicinis
2191 1438 2253 1491 et
2284 1432 2733 1493 commetaneis
2766 1451 2983 1493 earum
3013 1433 3144 1492 uni-

583 1539 784 1599 versis
830 1537 980 1598 inibi
1023 1537 1325 1617 legittime
1373 1537 1732 1606 convocatis
1780 1547 1844 1597 et
1887 1538 2282 1616 presentibus
2346 1547 2765 1612 accesserunt,
2831 1548 2893 1599 et
2937 1539 3139 1619 primo

585 1647 902 1726 quandam
947 1645 1296 1706 sessionem
1341 1644 1404 1704 in
1451 1645 1618 1706 dicta
1670 1647 1897 1721 Losan,
1945 1645 2106 1707 inter
2170 1647 2517 1708 sessionem
2562 1647 2829 1707 filiorum
2878 1649 3145 1708 condam

586 1755 876 1836 Gregorii
943 1754 1337 1831 Kathowych
1385 1772 1424 1814 a
1471 1755 1931 1832 septemtrione,
1994 1763 2056 1814 et
2116 1754 2277 1815 inter
2340 1754 2688 1816 sessionem
2751 1757 2993 1816 Thome
3040 1756 3147 1817 filii

586 1861 852 1920 condam
899 1861 1221 1940 Stephany
1268 1862 1612 1940 Kopozych
1646 1881 1684 1922 a
1713 1861 2056 1923 meridione
2102 1862 2303 1939 sitam,
2355 1872 2480 1924 tres
2510 1863 2930 1924 dimensiones
2976 1865 3146 1944 wlgo
3210 1889 3221 1896 ·

589 1969 800 2046 methy
849 1969 1050 2029 dictas
1098 1969 1160 2028 in
1208 1987 1276 2029 se
1327 1966 1763 2044 continentem,
1812 1977 1874 2030 et
1919 1989 2111 2030 unam
2156 1979 2387 2031 terram
2459 1972 2757 2032 arabilem
2804 1972 2866 2031 in
2915 1972 3139 2033 eadem

591 2078 818 2152 Losan,
866 2071 1025 2137 inter
1070 2085 1302 2136 terram
1349 2076 1627 2138 similiter
1652 2077 1951 2138 arabilem
1999 2077 2419 2156 predictorum
2465 2077 2731 2140 filiorum
2762 2079 2957 2157 ipsius
2988 2079 3145 2140 Gre-

587 2185 746 2264 gorii
795 2185 1192 2263 Kathowych
1225 2191 1288 2244 et
1312 2184 1624 2245 Valentini
1669 2185 1778 2244 filii
1822 2179 2123 2245 Damiani'
2146 2203 2182 2244 a
2214 2185 2573 2260 meridione,
2622 2194 2684 2246 et
2709 2187 2868 2247 inter
2913 2196 3144 2248 terram

581 2292 804 2371 prefati
853 2293 1095 2353 Thorne
1143 2292 1487 2371 Kopozych
1534 2299 1595 2352 et
1641 2291 1908 2353 filiorum
1955 2293 2225 2352 condam
2272 2293 2606 2354 Lowrandi
2632 2313 2671 2354 a
2696 2294 3139 2373 septemtrione

585 2400 883 2474 habitam,
933 2402 1091 2460 duas
1139 2399 1558 2460 dimensiones
1605 2401 1776 2480 wlgo
1823 2401 2037 2477 methy
2084 2400 2283 2460 dictas
2346 2400 2409 2460 in
2456 2421 2526 2463 se
2575 2401 3015 2478 continentem,
3064 2403 3143 2462 ab

585 2507 730 2567 hinc
775 2516 946 2568 recte
993 2507 1391 2585 procedendo
1456 2508 1616 2567 ultra
1675 2506 1936 2566 fluvium
1996 2508 2399 2585 Lompnycza
2446 2509 2678 2569 dictum
2730 2528 2806 2569 ex
2857 2509 3143 2588 opposito

587 2617 869 2677 eiusdem
914 2624 1098 2691 terre,
1145 2615 1207 2676 in
1240 2601 1616 2694 quibusdam
1661 2615 1844 2675 terris
1877 2615 2213 2676 arabilibus
2248 2616 2417 2696 wlgo
2449 2615 2850 2697 Okruglycze
2882 2617 3141 2692 vocatiS,

583 2743 773 2784 unam
805 2731 1035 2784 terram
1071 2722 1370 2784 arabilem
1395 2729 1828 2800 campestrem,
1861 2721 2023 2782 inter
2052 2729 2286 2783 terram
2318 2723 2619 2783 Demetrii
2642 2724 3136 2802 Peturchewych

585 2832 663 2892 ab
712 2832 967 2905 oriente,
1016 2839 1080 2892 et
1125 2830 1285 2890 inter
1329 2838 1562 2891 terram
1607 2829 1869 2908 predicti
1916 2830 2159 2890 Thome
2206 2830 2549 2908 Kopozych
2598 2838 2660 2890 et
2705 2830 2981 2909 ipsorum
3028 2831 3141 2920 ffii‘.

583 2959 760 3000 orum
828 2937 1164 2999 Lowrandi
1228 2937 1307 2998 ab
1371 2936 1692 2997 occidente
1755 2935 1957 3012 sitam,
2023 2946 2150 2998 tres
2213 2937 2635 2997 dimensiones
2696 2939 2865 3018 wlgo
2929 2939 3141 3016 methy

587 3049 785 3107 dictas
832 3046 894 3106 in
943 3065 1012 3106 se
1061 3045 1513 3121 continentem;
1577 3044 1726 3105 item
1781 3045 1843 3104 in
1891 3046 2017 3105 fine
2065 3044 2346 3105 eiusdem
2409 3052 2573 3106 terre
2636 3046 2887 3107 arabilis
2952 3066 3141 3107 unam

585 3163 815 3214 terram
865 3147 1181 3228 arabilem,
1215 3153 1278 3212 in
1309 3147 1623 3213 vicinitate
1673 3161 1980 3212 terrarum
2030 3149 2353 3213 arabilium
2401 3152 2743 3213 eorundem
2789 3154 3134 3214 vicinorum

583 3261 784 3334 sitam,
832 3261 1104 3338 quinque
1153 3259 1571 3319 dimensiones
1608 3260 1777 3339 wlgo
1825 3260 2038 3337 methy
2072 3259 2270 3319 dictas
2300 3259 2360 3319 in
2394 3279 2462 3320 se
2488 3260 2942 3337 continentem;
2992 3262 3141 3322 item

582 3367 644 3426 in
692 3385 916 3445 campo
963 3367 1041 3426 de
1089 3366 1366 3445 predicta
1413 3367 1623 3426 Losan
1670 3385 1858 3426 unam
1906 3374 2138 3426 terram
2186 3367 2485 3428 arabilem
2532 3368 2648 3428 sub
2678 3368 2782 3429 via
2823 3370 3137 3430 communi

587 3493 784 3552 penes
831 3481 1034 3534 metas
1061 3473 1528 3551 possessionum
1578 3473 1873 3534 nobilium
1922 3475 2000 3534 de
2047 3475 2365 3554 Superiori
2411 3477 2811 3554 Lompnycza
2846 3477 3139 3552 habitam,

581 3592 710 3643 tres
757 3582 1176 3642 dimensiones
1224 3583 1392 3664 wlgo
1440 3583 1652 3660 methy
1698 3583 1898 3644 dictas
1944 3583 2009 3643 in
2057 3603 2125 3644 se
2173 3584 2618 3660 continentem;
2685 3585 2833 3646 item
2880 3585 3135 3646 inferius

581 3689 644 3749 in
705 3690 908 3750 littore
975 3690 1146 3750 fluvii
1217 3692 1616 3769 Lompnycza
1676 3691 1900 3766 vocati,
1967 3691 2031 3750 in
2096 3691 2411 3752 vicinitate
2478 3699 2787 3753 terrarum
2856 3693 3137 3754 similiter

583 3798 926 3857 eorundem
971 3797 1332 3874 vicinorum,
1397 3819 1588 3859 unam
1645 3807 1877 3860 terram
1943 3799 2258 3874 arabilem,
2308 3818 2418 3859 sex
2466 3800 2921 3860 dimensionum
2968 3802 3136 3882 wlgo

578 3907 793 3983 methy
840 3907 1144 3966 dictarum
1187 3905 1498 3983 habitam;
1549 3908 1696 3968 item
1729 3907 1793 3967 in
1816 3907 2105 3968 fenilibus
2153 3908 2604 4004 Meychrethye
2632 3909 2891 3985 vocatiS,
2938 3929 3131 3969 unum

577 4013 764 4074 fenile
810 4022 1079 4093 quatuor
1136 4014 1590 4075 dimensionum
1652 4016 1865 4094 methy
1913 4014 2219 4074 dictarum
2279 4034 2475 4093 penes
2522 4016 2691 4076 viam
2754 4016 2832 4076 ab
2880 4016 3135 4090 oriente,

579 4130 642 4182 et
687 4122 846 4182 inter
891 4122 1101 4183 senilia
1146 4121 1407 4200 predicti
1457 4123 1698 4183 Thome
1730 4124 2074 4202 Kopozych
2108 4132 2171 4183 et
2199 4123 2475 4202 ipsorum
2506 4123 2771 4184 filiorum
2800 4125 3136 4185 Lowrandi

580 4231 658 4289 ab
705 4230 991 4290 ocidente
1037 4230 1350 4305 habitum;
1397 4230 1547 4290 item
1593 4230 1656 4289 in
1702 4231 2001 4292 Ialsowcz
2049 4251 2240 4292 unam
2302 4239 2533 4291 terram
2598 4231 3008 4292 sessionalem
3055 4251 3131 4292 ex

576 4337 864 4416 opposito
911 4337 1236 4397 cuiusdam
1283 4337 1404 4398 loci
1465 4338 1914 4412 molendinarii,
1961 4333 2153 4399 inter²
2198 4338 2619 4418 predictorum
2676 4339 2942 4398 filiorum
2990 4338 3135 4398 dicti

578 4445 868 4525 Gregorii
901 4444 1310 4522 'Kathowych
1359 4445 1438 4505 ab
1485 4445 1826 4520 occidente,
1877 4453 1939 4506 et
1986 4445 2145 4506 inter
2192 4447 2539 4506 sessionem
2603 4445 2828 4524 prefati
2892 4446 3134 4507 Thome

577 4551 920 4632 Kopozych
955 4561 1017 4613 et
1044 4553 1349 4613 dictorum
1373 4553 1640 4613 filiorum
1669 4552 1865 4632 ipsius
1897 4553 2235 4614 Lowrandi
2260 4554 2338 4613 ab
2372 4553 2609 4614 oriente
2650 4552 2849 4628 sitam,
2894 4561 3135 4632 septem

577 4660 996 4721 dimensiones
1044 4661 1214 4742 wlgo
1261 4661 1471 4739 meth'y
1520 4661 1718 4721 dictas
1766 4661 1828 4721 in
1876 4681 1944 4722 se
1994 4661 2443 4736 continentem;
2514 4661 2663 4722 item
2709 4681 2903 4730 unum
2948 4661 3133 4722 fenile

576 4768 638 4826 in
686 4769 844 4828 silva
889 4769 1204 4829 Dobrawa
1254 4751 1453 4843 dicta,⁵
1485 4770 1548 4829 in
1596 4770 1764 4830 Loco
1811 4771 2277 4848 Zeryawynecz
2339 4769 2521 4844 dicto,
2584 4769 2744 4830 inter
2803 4777 3004 4830 metas
3050 4769 3137 4830 se-

573 4876 787 4935 nilium
856 4875 1152 4935 nobilium
1203 4877 1280 4936 de
1328 4853 1620 4955 predicta,
1656 4877 1977 4956 Superiori
2038 4879 2441 4956 Lompnycza
2489 4885 2551 4937 et
2597 4877 2757 4938 inter
2803 4885 3003 4937 metas
3050 4877 3137 4937 fe-

573 4984 786 5043 nilium
835 4984 1252 5062 predictorum
1301 4985 1600 5044 nobilium
1647 4985 1726 5045 de
1775 4985 1942 5045 dicta
1992 4986 2217 5060 Losan‚
2266 4985 2685 5064 quadraginta
2716 4985 3137 5045 dimensiones
