3917 5592
3042 475 3172 537 285

613 697 922 756 cautelam
957 702 1259 773 perpetuo
1306 692 1605 753 valituras
1629 691 2077 752 confirmamus
2124 699 2187 751 et
2234 690 2657 769 approbamus
2690 690 2931 768 absque
2963 699 3175 749 tamen

613 800 952 881 preiudicio
998 800 1147 860 iuris
1197 799 1394 873 alieni,
1443 800 1664 859 harum
1710 806 2065 858 nostrarum
2114 796 2229 856 sub
2278 796 2663 875 appensione
2732 796 3051 857 auttentici
3112 805 3177 856 et

613 908 866 967 maioris
920 906 1114 966 nostri
1179 904 1362 985 sigilli
1424 906 1936 985 consignatarum
2007 902 2359 963 testimonio
2426 902 2769 961 litterarum
2838 902 3170 961 mediante.

616 1017 844 1075 Datum
893 1013 1068 1087 Cilie,
1133 1014 1234 1073 die
1301 1012 1612 1072 dominica
1682 1010 1964 1089 proxima
2024 1018 2165 1087 post
2228 1008 2457 1069 festum
2522 1008 2691 1067 beati
2756 1008 3175 1067 Bartholomei

613 1123 896 1202 apostoli,
932 1141 1096 1181 anno
1123 1120 1352 1180 domini
1387 1119 1712 1179 millesimo
1734 1116 2353 1197 quadringentesimo
2380 1114 2865 1193 quadragesimo
2892 1116 3174 1193 septimo.

828 1262 1112 1330 originale
1150 1262 1593 1327 membraneum,
1633 1276 1668 1313 a
1706 1274 1850 1313 zona
1888 1258 2104 1312 sericea
2141 1255 2339 1309 viridis
2378 1260 2433 1309 et
2470 1254 2647 1323 glauci
2708 1254 2914 1308 eoloris
2970 1253 3176 1321 pendet

619 1353 852 1406 fractum
894 1351 1154 1420 sigillum.
1193 1350 1250 1403 ln
1291 1349 1525 1404 archivo
1566 1364 1848 1403 commun.
1891 1346 2026 1399 nob.
2058 1344 2126 1398 de
2164 1344 2482 1413 Turopolje.

1804 1667 2014 1738 201.

829 1891 1012 1949 Anno
1069 1887 1250 1949 1447.
1302 1887 1404 1949 31.
1455 1889 1722 1966 augusti.

619 2101 1023 2184 Capitulum
1041 2099 1360 2164 ecclesiae
1392 2097 1906 2183 ZagrabiensiS,
1932 2097 2316 2181 privilegia
2348 2096 2691 2161 nobilium
2710 2097 3175 2160 castrensium

618 2209 866 2291 Campi
891 2206 1410 2291 Zagrabiensz'S,
1427 2210 1558 2289 per
1583 2204 2022 2269 Fridericum
2046 2205 2369 2268 comitem
2397 2204 2619 2268 ciliae
2640 2202 3177 2287 Sclawniaeque

987 2313 1244 2377 bavium
1291 2333 1351 2377 α.
1399 2326 1585 2393 1447.
1631 2328 1714 2393 13.
1763 2332 1920 2396 aug.
1979 2312 2120 2376 rati
2109 2310 2349 2395 ficata,
2398 2311 2801 2376 transumit.

825 2530 957 2588 Nos
1027 2530 1365 2607 capitulum
1429 2528 1691 2587 ecclesie
1755 2528 2201 2607 Zagrabiensis
2268 2527 2695 2607 significamus
2762 2536 2976 2587 tenore
3034 2547 3169 2605 pre-

613 2637 890 2696 sencium
954 2636 1178 2715 quibus
1243 2636 1492 2714 expedit
1558 2635 1880 2709 universiS,
1953 2636 2119 2713 quod
2191 2634 2429 2694 nobiles
2483 2634 2597 2694 viri
2666 2634 2980 2715 Georgius
3042 2636 3170 2693 Ha-

612 2742 947 2823 gelberger
993 2742 1212 2817 dictuS,
1276 2737 1539 2820 spanus¹
1607 2741 1670 2800 in
1729 2741 2009 2819 Stopnik,
2059 2750 2121 2799 et
2169 2742 2324 2801 alter
2384 2741 2697 2820 Georgius
2746 2741 2907 2800 filius
2967 2740 3173 2819 Egidii

611 2851 690 2910 de
770 2849 1136 2923 Curilowcz,
1205 2868 1526 2927 suppanus
1599 2857 1660 2907 et
1732 2847 1964 2907 nobilis
2039 2848 2290 2927 iobagio
2368 2848 2707 2907 castrensis
2756 2848 2984 2927 Campi
3053 2849 3170 2907 Za-

611 2958 977 3039 grabiensiS,
1027 2976 1268 3017 necnon
1334 2956 1611 3015 Thomas
1672 2955 2121 3015 Bwkowchiak
2182 2956 2260 3015 de
2324 2957 2738 3032 Woynesecz‚
2802 2956 2863 3014 in
2928 2975 3043 3015 sua
3096 2975 3171 3015 ac

615 3067 1048 3125 universorum
1070 3066 1330 3125 aliorum
1355 3064 1650 3123 nobilium
1673 3063 2077 3143 iobagionum
2097 3062 2374 3122 similiter
2392 3064 2801 3123 castrensium
2822 3065 2901 3123 de
2926 3064 3168 3139 eadem,

612 3173 966 3233 nominibus
1001 3181 1064 3232 et
1089 3173 1152 3232 in
1186 3173 1487 3251 personiS,
1539 3166 1818 3231 nostram
1847 3171 2171 3231 venientes
2204 3170 2265 3230 in
2310 3172 2719 3249 presenciam,
2766 3170 3176 3231 exhibuerunt

613 3290 675 3341 et
720 3288 1156 3359 presentarunt
1203 3280 1380 3340 nobis
1430 3279 1736 3357 quasdam
1783 3280 2021 3339 litteras
2068 3278 2462 3339 illustrissimi
2506 3278 2801 3357 principis
2851 3287 2913 3338 et
2939 3276 3173 3338 domini

611 3388 845 3448 domini
891 3386 1188 3445 Friderici
1221 3386 1320 3445 dei
1354 3385 1567 3464 gracia
1595 3384 1772 3459 Cilie,
1799 3385 2199 3465 Ortenburge
2226 3387 2620 3466 Zagorieque
2654 3386 2895 3445 comitis
2927 3404 3173 3445 necnon

611 3494 787 3575 regni
860 3492 1190 3555 Sclauonie
1259 3492 1423 3567 bani,
1494 3502 1773 3553 tenorem
1839 3494 2233 3571 quarundam
2280 3494 2621 3553 litterarum
2694 3502 3049 3553 nostrarum
3097 3512 3173 3553 ac

611 3602 879 3661 condam
925 3602 1088 3661 bone
1137 3600 1434 3660 memorie
1481 3600 1774 3678 principis
1822 3600 2207 3679 Sigismundi
2268 3602 2693 3661 Romanorum
2762 3602 3169 3679 imperatoris,

613 3728 687 3769 ac
736 3708 880 3768 olim
927 3709 1078 3768 Bele
1128 3706 1306 3787 regni
1353 3708 1680 3787 Hungarie
1728 3726 1951 3785 regum
2000 3707 2062 3765 in
2112 3725 2178 3766 se
2212 3707 2617 3781 continenteS,
2664 3714 2951 3767 tenorum
2984 3708 3168 3767 intra-

615 3818 1002 3895 scriptorum,
1052 3824 1337 3894 petentes
1383 3835 1499 3875 nos
1546 3816 1756 3875 debita
1804 3834 1946 3874 cum
1994 3815 2315 3888 instancia,
2381 3826 2447 3874 ut
2491 3823 2774 3875 tenorem
2830 3816 3169 3875 earundem

615 3924 676 3983 in
711 3924 1116 4002 transscripto
1149 3923 1490 3983 litterarum
1525 3931 1876 3983 nostrarum
1927 3924 2135 3983 denuo
2170 3922 2321 4001 ipsis
2369 3933 2431 3983 et
2470 3924 2649 3983 dictis
2684 3925 2817 3984 aliis
2864 3924 3172 3984 nobilibus

613 4032 765 4091 dare
813 4031 1218 4111 dignaremur
1239 4030 1386 4089 iuris
1435 4030 1710 4108 ipsorum
1738 4031 1816 4090 ad
1845 4031 2169 4089 cautelam.
2236 4030 2519 4106 Quarum
2552 4030 2800 4108 quidem
2828 4032 3168 4090 litterarum

610 4153 788 4198 tenor
812 4138 1090 4216 sequitur
1114 4148 1177 4197 et
1200 4148 1296 4198 est
1320 4138 1492 4197 talis:
1543 4137 1766 4211 (Vide
1817 4139 2324 4215 praecedens
2371 4138 2467 4197 do
2491 4158 2540 4197 c,
2580 4158 2633 4197 a.
2684 4136 2869 4198 1447.
2905 4136 3007 4198 27.
3052 4158 3170 4197 au-

611 4245 829 4324 gusti
879 4245 1027 4303 sub
1073 4245 1206 4304 No,
1261 4242 1449 4319 260.).
1518 4245 1698 4305 Unde
1747 4263 1863 4303 nos
1911 4244 2089 4303 iustis
2154 4254 2214 4304 et
2262 4244 2377 4304 iuri
2426 4246 2716 4304 consonis
2762 4244 3173 4324 peticionibus

612 4351 1031 4429 predictorum
1080 4352 1375 4411 nobilium
1424 4352 1698 4411 virorum
1749 4350 2009 4431 Georgii
2057 4352 2496 4431 Hagelberger
2542 4352 2738 4430 spani,
2796 4360 2859 4412 et
2920 4352 3172 4412 alterius

611 4458 868 4540 Georgii
895 4460 1132 4537 supani,
1159 4479 1400 4519 necnon
1420 4460 1661 4519 Thome
1687 4458 2153 4533 Bwkowchiak‚
2180 4458 2476 4518 nobilium
2510 4459 2919 4519 castrensium
2944 4458 3171 4537 Campi

609 4566 1071 4647 ZagrabiensiS,
1119 4568 1180 4626 in
1230 4568 1502 4645 ipsorum
1553 4584 1627 4626 ac
1677 4566 1938 4625 aliorum
1986 4566 2282 4626 nobilium
2316 4586 2577 4645 quorum
2606 4586 2793 4644 supra
2819 4564 3169 4627 nominibus

611 4675 790 4734 nobis
835 4674 1138 4753 porrectis
1185 4675 1475 4750 inclinati,
1523 4673 1722 4734 dictas
1771 4676 2007 4735 litteras
2070 4675 2493 4753 privileg-iales
2563 4673 2887 4753 prescripti
2937 4675 3171 4734 domini

610 4782 906 4842 Friderici
955 4782 1195 4841 comitis
1243 4790 1305 4841 et
1350 4783 1514 4857 bani,
1563 4791 1813 4843 tenores
1861 4782 2279 4861 predictarum
2348 4783 2607 4843 aliarum
2670 4782 3031 4841 litterarum·
3063 4802 3169 4841 no-

617 4900 884 4949 strarum
934 4909 1008 4949 ac
1053 4890 1318 4949 condam
1387 4891 1487 4969 pie
1535 4890 1834 4949 memorie
1900 4890 2247 4968 principum
2310 4890 2693 4969 Sigismundi
2750 4891 3170 4949 Romanorum

614 4996 1024 5075 imperatoriS,
1075 5016 1150 5057 ac
1197 4998 1347 5057 Bele
1407 5016 1631 5078 regum
1679 4997 2006 5077 Hungarie
2064 4996 2127 5056 in
2176 5016 2245 5056 se
2308 4997 2714 5071 continenteS,
2778 4996 3171 5076 presentibus
