3917 5592
2975 456 3104 520 365

756 665 1072 722 Inferius
1111 666 1179 721 in
1219 668 1396 723 dext.
1439 666 1782 736 margine=
1823 666 2027 722 »Lecta
2062 670 2119 722 et
2157 667 2533 723 collacionata
2560 684 2686 722 cum
2726 667 2901 723 literis
2940 669 3103 735 origi-

541 756 764 811 nalibus
802 756 858 809 in
899 756 1286 811 cancellaria«

757 842 1041 915 originale
1081 846 1524 907 membraneum,
1563 845 1808 914 sigillum
1847 850 1903 900 ct
1937 862 2086 901 zona
2121 846 2303 915 periit.
2341 847 2404 901 ln
2442 846 2675 902 archivo
2714 845 2943 918 capituli
2971 848 3103 903 eccl.

541 933 962 1005 Zagrabiensis:
1004 934 1146 989 Acta
1183 934 1347 1005 capit.
1385 934 1619 1005 antiqua
1656 936 1790 993 fasc.
1829 933 1913 991 13.
1951 934 2045 991 Nr.
2085 934 2173 993 16.

1718 1219 1930 1291 300.

757 1403 942 1465 Anno
999 1403 1184 1465 1456.
1236 1402 1338 1465 26.
1388 1403 1613 1484 aprilis,
1661 1404 2032 1485 Zagrabiae.

550 1579 799 1643 Coram
837 1580 1144 1646 Iohanne
1169 1580 1472 1667 [agnych
1504 1579 1586 1645 de
1610 1580 1771 1664 Sup.
1807 1580 2193 1658 Lokawecz,
2227 1582 2474 1646 comite
2503 1582 2819 1647 terrestri
2856 1583 3103 1667 Campi

543 1685 1057 1770 ZagrabiensiS,
1105 1687 1446 1753 Nic-olaus
1494 1687 1704 1772 filius
1779 1674 1840 1751 T
1834 1686 2077 1752 homae
2120 1688 2583 1773 Herwatlzych
2641 1690 2723 1754 de
2787 1688 2925 1765 Ins.
2973 1689 3099 1753 Lo-

539 1792 824 1872 kawecz,
882 1794 1220 1882 quasdam
1265 1797 1606 1861 sessiones
1667 1815 1855 1875 suas,
1914 1799 2185 1879 partem
2236 1796 2622 1862 molendini
2666 1819 2749 1861 ac
2793 1796 3104 1882 foenilia

1337 1902 1678 1989 Dyonisio
1727 1902 2033 1989 Myxyc&
2080 1903 2309 1969 donat.

755 2085 890 2144 Nos
936 2086 1246 2146 Iohannes
1292 2086 1454 2145 filius
1503 2086 1771 2146 condam
1835 2086 2157 2146 Benedicti
2206 2088 2428 2166 supani
2489 2088 2768 2167 Iagnych
2828 2090 2973 2149 dicti
3021 2091 3099 2150 de

547 2189 865 2269 Superiori
935 2192 1287 2253 Lokawecz
1351 2211 1562 2253 comes
1625 2192 1936 2253 terrestris
2001 2192 2228 2272 Campi
2295 2194 2741 2274 Zagrabiensis
2798 2197 3097 2257 memorie

551 2299 1064 2359 commendamus
1097 2307 1314 2360 tenore
1346 2301 1742 2379 presencium
1773 2300 2200 2381 significantes
2233 2301 2459 2380 quibus
2492 2304 2742 2381 expedit
2772 2304 3097 2379 universiS‚

546 2405 715 2483 quod
761 2406 1059 2466 Nicolaus
1105 2406 1268 2467 filius
1315 2408 1582 2468 condam
1632 2409 1873 2478 Thome
1934 2408 2360 2485 Herwathych
2424 2410 2503 2470 de
2548 2409 2827 2470 Inferiori
2892 2412 3093 2471 Loka-

549 2532 738 2586 wecz,
789 2513 870 2573 ad
915 2522 1196 2574 nostram
1243 2515 1653 2593 personaliter
1716 2514 2023 2575 veniendo
2069 2516 2462 2594 presenciam
2524 2517 2848 2579 confessus
2896 2528 2993 2579 est
3038 2520 3099 2579 in

544 2620 710 2679 hunc
756 2621 1029 2694 modurn,
1077 2629 1145 2681 ut
1191 2622 1324 2700 ipse
1371 2623 1595 2683 totales
1644 2642 1793 2683 suas
1855 2622 2289 2701 possessiones
2337 2632 2399 2684 et
2459 2625 2787 2703 porciones
2856 2646 3103 2704 posses-

549 2727 852 2788 sionarias
920 2728 981 2788 in
1042 2729 1323 2808 predicta
1384 2730 1663 2790 Inferiori
1725 2731 2075 2791 Lokawecz
2139 2739 2202 2791 et
2248 2731 2383 2791 eius
2445 2732 2751 2792 territorio
2800 2752 2874 2793 ac
2918 2733 3103 2811 perti·

553 2835 790 2897 nenciis
837 2837 1102 2913 habitaS,
1150 2846 1214 2898 et
1259 2838 1460 2917 primo
1523 2840 1828 2917 quasdam
1877 2839 2037 2899 duas
2102 2838 2416 2899 sessiones
2464 2859 2613 2900 suas
2676 2840 3104 2921 iobagionales

549 2944 611 3004 in
659 2946 882 3005 eadem
930 2945 1210 3005 Inferiori
1255 2946 1622 3021 Lokawecz,
1688 2964 1876 3005 unam
1923 2945 2213 3006 videlicet
2259 2946 2605 3006 sessionem
2669 2965 2848 3007 suam
2910 2966 3103 3025 prope

548 3053 867 3131 quoddam
928 3052 1368 3128 molendinum,
1431 3054 1591 3113 inter
1655 3053 1818 3113 idem
1885 3053 2305 3114 molendinum
2378 3072 2491 3113 seu
2555 3055 2758 3113 locum
2824 3052 3104 3114 eiusdem

545 3159 885 3219 molendini
932 3179 971 3219 a
1015 3167 1194 3238 parte
1262 3159 1602 3220 occidentis
1663 3160 1961 3236 habitum,
2012 3168 2074 3221 et
2117 3159 2279 3221 inter
2340 3160 2562 3220 silvam
2626 3179 3017 3220 communem
3068 3179 3107 3220 a

543 3276 722 3346 parte
770 3268 1041 3342 orientiS,
1092 3288 1166 3328 ac
1213 3268 1374 3328 inter
1434 3268 1748 3328 sessiones
1811 3268 2033 3346 Kyrini
2078 3268 2186 3328 filii
2248 3268 2517 3328 condam
2566 3267 2824 3348 Georgii
2872 3270 3103 3328 Peruo-

545 3375 798 3451 seuych‚
851 3383 981 3435 tam
1045 3394 1083 3434 a
1130 3376 1617 3453 septemtrionali
1682 3396 1870 3455 quam
1927 3396 1967 3437 a
2026 3376 2414 3437 meridionali
2474 3376 2755 3455 partibus
2812 3376 2995 3436 sitam
3042 3385 3105 3437 et

548 3480 934 3555 existentem,
999 3489 1127 3542 tres
1190 3482 1609 3543 dimensiones
1666 3484 1836 3562 wlgo
1884 3483 2098 3560 methy
2158 3483 2357 3543 dictas
2419 3484 2482 3543 in
2530 3503 2599 3544 se
2662 3483 3098 3557 continentem,

547 3588 734 3649 aliam
779 3608 931 3650 vero
979 3588 1326 3650 sessionem
1373 3609 1552 3649 suam
1613 3590 1892 3650 similiter
1939 3590 2401 3671 iobagionalem
2447 3590 2509 3650 in
2556 3592 2779 3651 eadem
2828 3590 3105 3651 similiter

543 3695 822 3757 Inferiori
868 3696 1237 3772 Lokawecz,
1284 3698 1444 3758 inter
1491 3698 1804 3758 sessiones
1852 3698 2253 3759 consimiliter
2298 3699 2727 3779 iobagionales
2776 3698 2965 3760 Blasii
2996 3700 3104 3759 filii

544 3804 721 3863 Pauli
768 3805 1252 3882 Poznanowych
1299 3805 1445 3866 dicti
1493 3824 1532 3865 a
1576 3814 1754 3884 parte
1817 3806 2118 3880 orientali,
2168 3814 2230 3867 et
2274 3806 2436 3866 inter
2496 3808 2810 3867 sessiones
2859 3809 3101 3867 Thome

543 3910 651 3971 filii
698 3912 968 3971 condam
1016 3912 1216 3972 Marci
1261 3913 1638 3990 Widowych
1687 3914 1832 3973 dicti
1880 3933 1918 3973 a
1966 3921 2143 3993 parte
2192 3913 2595 3989 meridionali,
2645 3934 2719 3975 ac
2765 3915 2925 3975 inter
2972 3934 3100 3975 ses-

549 4018 757 4078 siones
806 4018 1204 4079 consimiliter
1251 4018 1682 4099 iobagionales
1721 4020 2003 4098 Dyonisii
2048 4021 2157 4081 filii
2205 4022 2471 4082 condam
2505 4022 2766 4103 Georgii
2797 4022 2904 4083 filii
2934 4024 3102 4101 olym

545 4125 788 4185 Nicolai
837 4126 983 4185 dicti
1031 4126 1226 4204 Myxa
1273 4147 1312 4187 a
1357 4134 1534 4206 parte
1583 4128 1969 4203 occidentali,
2036 4138 2099 4189 et
2146 4129 2309 4191 inter
2354 4130 2575 4189 silvam
2624 4148 3019 4191 communem
3066 4150 3105 4192 a

549 4241 728 4310 parte
778 4234 1268 4311 septemtrionali
1313 4234 1592 4295 habitam
1640 4244 1704 4295 et
1749 4235 2059 4309 situatam,
2124 4244 2393 4315 quatuor
2452 4236 2871 4298 dimensiones
2934 4238 3104 4317 wlgo

550 4339 764 4417 methy
811 4340 1012 4400 dictas
1060 4341 1122 4399 in
1170 4360 1238 4402 se
1288 4343 1737 4415 continentem;
1787 4343 1934 4403 item
1983 4344 2239 4404 terciam
2271 4352 2515 4422 partem
2563 4344 2824 4422 predicti
2868 4344 3101 4404 molen-

545 4445 674 4506 dini
720 4446 782 4506 in
829 4448 1020 4507 fluvio
1067 4448 1419 4509 Lokawecz
1459 4458 1684 4510 vocato
1717 4450 2121 4525 decurrentiS,
2170 4471 2281 4529 pro
2311 4451 2604 4531 porcione
2651 4451 2940 4511 videlicet
2970 4469 3103 4525 sua,

552 4555 754 4633 ipsum
803 4555 1128 4615 Nicolaum
1197 4556 1313 4616 rite
1360 4566 1424 4616 et
1468 4558 1743 4639 legitime
1813 4568 2321 4633 concernentem3
2390 4558 2536 4618 item
2603 4560 2855 4618 totalem
2924 4564 3103 4617 sua'm

545 4662 904 4741 porcionem
947 4662 1010 4722 in
1057 4664 1345 4724 omnibus
1376 4665 1558 4725 terris
1591 4666 1926 4726 arabilibus
1974 4666 2037 4726 in
2082 4666 2361 4744 predicto
2394 4665 2701 4726 territorio
2734 4684 2847 4725 seu
2880 4684 3103 4743 campo

547 4772 624 4830 de
672 4770 917 4849 prefata
964 4771 1239 4831 Inferiori
1289 4772 1640 4834 Lokawecz
1702 4774 1928 4834 habitis
1978 4783 2041 4833 et
2086 4774 2346 4848 situatiS,
2396 4775 2663 4833 eundem
2712 4773 2947 4833 scilicet
2992 4774 3099 4833 Ni-

551 4880 796 4939 colaum
844 4879 1040 4939 filium
1087 4880 1232 4940 dicti
1280 4881 1521 4941 Thome
1584 4882 2027 4958 Herwathych‚
2092 4882 2250 4941 inter
2296 4882 2606 4961 predictos
2668 4880 2891 4941 fratres
2954 4900 3103 4942 suos

547 4987 881 5074 patrueleS‚
929 4986 1218 5055 videlicet
1249 4988 1617 5073 Dyonisium
1649 4989 1840 5055 filium
1881 4989 2105 5076 prefati
2153 4990 2419 5055 condam
2453 4989 2710 5076 Georgii
2758 4989 2863 5048 filii
2907 4988 3102 5075 ipsius
