3917 5592
819 460 947 523 266

1994 674 2205 744 850.

1031 840 1216 899 Anno
1273 836 1456 899 1444.
1505 837 1608 899 22.
1655 838 1799 899 iulii.
1851 840 2199 901 Varasdini.

829 998 1201 1064 Udalricus
1247 1018 1468 1062 comes
1520 997 1743 1063 Ciliae
1803 1001 1920 1063 etc.
1968 998 2410 1064 donationem
2459 999 2797 1067 Iohannis
2830 1000 2983 1085 filii
3028 1001 3377 1087 Rudolphi

817 1105 899 1169 de
947 1104 1160 1169 Alben
1221 1110 1433 1189 super
1492 1105 1732 1183 predio
1781 1104 2057 1169 Babcha
2125 1128 2186 1171 a.
2234 1123 2421 1186 1420.
2472 1124 2555 1187 15.
2600 1128 2757 1192 aug.
2819 1109 3205 1195 elargitam,
3245 1115 3376 1194 pro

997 1262 1002 1267 .
1533 1212 1776 1277 Blasio
1822 1211 1904 1276 de
1950 1213 2211 1277 Patina
2256 1214 2643 1299 confirmat.

1029 1397 1164 1455 Nos
1224 1394 1554 1455 Udalricus
1619 1394 1720 1455 dei
1785 1396 2004 1475 gracia
2069 1394 2245 1471 Cilie,
2308 1396 2731 1478 Ortemburge
2798 1398 3185 1479 Segorieque
3259 1408 3375 1460 etc.

822 1523 1034 1564 comes
1104 1502 1402 1563 memorie
1474 1503 1989 1561 commendamus
2064 1521 2177 1581 per
2245 1512 2588 1581 presenteS‚
2659 1506 2827 1583 quod
2889 1506 3137 1565 Blasius
3215 1507 3375 1566 filius

817 1610 1107 1670 Iohannis
1156 1612 1233 1670 de
1281 1608 1503 1669 Patina
1550 1608 1613 1669 in
1680 1628 1951 1688 persona
2022 1610 2116 1669 sui
2181 1610 2391 1689 ipsiuS,
2452 1630 2529 1670 ac
2576 1611 2849 1672 Ladislai
2897 1612 3104 1673 fratris
3150 1614 3263 1687 sui,
3312 1614 3373 1673 in

815 1727 1093 1778 nostram
1141 1717 1358 1778 venies
1406 1716 1816 1795 presenciam,
1868 1716 2145 1776 exhibuit
2191 1726 2253 1776 et
2299 1718 2683 1795 presentavit
2727 1719 2907 1779 nobis
2954 1721 3261 1798 quasdam
3306 1722 3375 1781 li-

820 1835 989 1886 teras
1037 1834 1331 1904 patenses
1359 1825 1650 1884 Iohannis
1685 1824 1788 1884 filii
1823 1825 2089 1885 Rudolffi
2124 1826 2203 1884 de
2236 1825 2456 1900 Alben,
2504 1826 2686 1905 sigilo
2720 1846 2834 1885 suo
2868 1828 3153 1901 munitas,
3186 1848 3376 1906 super

815 1934 1130 2012 quoddam
1177 1932 1393 2011 predio
1426 1932 1683 1992 Babcha
1731 1942 1974 2007 vocat0,
2024 1933 2183 1992 ultra
2228 1931 2487 1992 fluvium
2519 1934 2724 2008 Sawe,
2770 1934 2929 1993 inter
2954 1935 3179 1995 fluvios
3212 1936 3373 1995 Coz-

813 2043 998 2102 nicha
1046 2050 1109 2101 et
1153 2040 1424 2101 Rakaria
1473 2049 1730 2101 vocatos
1777 2041 2100 2115 existente,
2150 2042 2231 2100 ad
2260 2050 2533 2101 castrum
2578 2050 2857 2102 nostrum
2920 2044 3171 2104 Medwe
3235 2063 3374 2123 per-

817 2149 1065 2219 tinente,
1111 2157 1331 2227 petens
1377 2167 1494 2207 nos
1541 2148 1755 2207 humili
1802 2166 2058 2225 precum
2106 2146 2429 2222 instancia,
2478 2168 2551 2207 us
2600 2150 2857 2208 easdem
2921 2149 3132 2210 literas
3180 2159 3369 2225 rataS,

816 2266 1032 2337 gratas
1097 2264 1160 2316 et
1208 2265 1501 2335 acceptas
1548 2256 1798 2327 habere,
1867 2275 1942 2316 ac
1990 2255 2105 2315 sibi
2154 2263 2216 2313 et
2260 2254 2433 2315 fratri
2481 2275 2595 2315 suo
2642 2256 2903 2334 prefat0,
2970 2266 3031 2317 et
3094 2256 3369 2337 ipsorum

814 2364 1166 2438 heredibus»,
1219 2383 1292 2423 ac
1323 2364 1624 2424 heredum
1670 2364 2138 2441 posteritatibus
2190 2364 2559 2423 confirmare
2613 2364 3016 2444 dignaremur
3068 2368 3374 2445 graciose.

815 2474 1098 2548 Quarum
1146 2470 1395 2550 quidem
1465 2470 1782 2530 literarum
1845 2479 2026 2529 tenor
2070 2470 2211 2529 talis
2251 2479 2379 2530 est:
2444 2471 2663 2545 (Vide
2712 2473 2879 2531 doc.
2928 2490 2981 2532 a.
3039 2470 3222 2534 1420.
3279 2471 3374 2533 15.

818 2599 854 2639 a
873 2600 913 2638 u
932 2600 993 2660 g.
1024 2598 1054 2639 s
1073 2579 1166 2639 ub
1193 2579 1251 2637 N
1270 2598 1324 2638 0.
1369 2576 1551 2653 184.).
1585 2578 1718 2637 Nos
1743 2577 1931 2657 igitur
1955 2576 2366 2656 peticionibus
2390 2577 2613 2656 prefati
2638 2578 2829 2638 Blasii
2860 2578 3150 2653 inclinati,
3176 2580 3374 2640 dictas

818 2687 1028 2746 literas
1062 2686 1456 2746 ratificamus·
1490 2693 1553 2744 et
1600 2685 2059 2758 confirmamuS,
2117 2704 2328 2761 ymmo
2377 2684 2775 2758 ratificamuS,
2824 2694 2887 2745 et
2933 2687 3373 2747 confirmamus

817 2792 1074 2871 prefatis
1122 2792 1333 2851 Blasio
1397 2800 1460 2850 et
1504 2790 1797 2850 Ladislao
1846 2790 2209 2868 cunctisque
2258 2789 2534 2869 ipsorum
2580 2791 2916 2851 heredibus
2964 2800 3028 2851 et
3072 2792 3373 2852 heredum

814 2898 1278 2977 posteritatibus
1326 2916 1439 2976 per
1483 2906 1808 2975 presentes
1854 2896 1989 2956 iure
2038 2905 2340 2975 perpetuo
2388 2905 2451 2957 et
2508 2896 2993 2957 irrevocabiliter
3053 2898 3370 2973 valituras,

813 3006 899 3065 ita
946 3014 1174 3079 tamen,
1222 3006 1390 3083 quod
1435 3003 1554 3082 ipsi
1601 3024 1638 3064 a
1685 3012 1834 3063 nota
1880 3003 2276 3078 infidelitatis,
2324 3012 2391 3063 ut
2436 3004 2497 3062 in
2545 3003 2736 3064 literis
2797 3004 3018 3083 prefati
3072 3006 3364 3066 Iohannis

806 3115 884 3173 de
935 3113 1139 3173 Alben
1187 3111 1575 3191 premittitur,
1624 3129 1692 3170 se
1740 3119 2137 3189 precaveant.
2186 3112 2253 3170 In
2302 3110 2477 3171 cuius
2526 3111 2615 3171 rei
2674 3112 3041 3173 memoriam
3110 3114 3362 3173 firmita-

803 3229 1124 3298 tatemque
1186 3226 1571 3297 perpetuam,
1633 3226 1958 3296 presentes
2020 3216 2231 3277 literas
2294 3227 2540 3277 nostras
2604 3217 2806 3298 sigillo
2870 3228 3082 3279 nostro
3141 3221 3362 3280 minori

804 3346 1084 3406 appenso
1132 3326 1393 3386 fecimus
1441 3324 1822 3385 communiri.
1871 3326 2103 3384 Datum
2151 3326 2213 3384 in
2241 3326 2639 3399 WarasdinO,
2688 3326 2747 3385 in
2778 3326 2878 3386 die
2912 3336 3129 3387 sancte
3160 3328 3361 3388 Marie

804 3436 1206 3515 Magdalene,
1257 3452 1421 3493 anno
1470 3433 1700 3492 domini
1747 3434 1834 3493 M.
1883 3432 2543 3511 quandringentesimo
2591 3434 3076 3514 quadragesimo
3121 3444 3361 3513 quarto,

1017 3554 1302 3624 Originale
1341 3556 1766 3609 membraneum
1807 3554 2021 3623 optime
2048 3559 2416 3623 asservatum,
2444 3557 2727 3625 appendet
2765 3558 2950 3611 solum
2977 3557 3192 3611 sericea
3216 3573 3362 3612 zona

804 3645 938 3700 ssavi
977 3644 1201 3699 coloris.
1241 3644 1406 3713 Apud
1447 3645 1575 3698 nob.
1616 3644 1764 3698 dom.
1805 3644 2081 3698 Levinum
2120 3644 2336 3698 Horvat
2370 3645 2694 3714 Zagrabiae.
2733 3650 2803 3707 (a.
2844 3646 3041 3715 1896.).

1980 3928 2098 3999 2⁵
2120 3932 2151 3997 Ι
2172 3979 2191 3999 .

1013 4092 1200 4152 Anno
1257 4091 1440 4152 1444.
1491 4091 1594 4152 21.
1643 4093 2033 4172 septembris,
2082 4094 2454 4175 Zagrabiae.

805 4248 1056 4314 Coram
1105 4249 1364 4316 Ioanne
1409 4250 1776 4335 Rayachar
1818 4252 2067 4315 comite
2122 4250 2373 4336 Campi
2416 4251 2911 4337 Zagrabiensis
2938 4274 3020 4317 ac
3058 4252 3360 4339 Georgio

793 4354 955 4439 filio
1003 4357 1257 4443 Egidii
1300 4358 1608 4423 eiusdem
1663 4358 1910 4443 Campi
1957 4359 2203 4424 comite
2257 4361 2591 4436 terrestri,
2642 4359 2953 4445 Zthoyan
3004 4382 3162 4425 cum
3200 4362 3360 4446 sra-

800 4462 1020 4527 tribus
1045 4465 1220 4542 suiS,
1264 4464 1608 4550 quoddam
1633 4467 2197 4549 promontorium
2236 4464 2647 4551 Chwylkoua
2688 4466 2990 4531 Goricza
3017 4471 3354 4533 vocatum.

797 4570 892 4634 ad
932 4572 1176 4635 vineas
1214 4572 1640 4656 plantandas
1684 4571 2098 4656 quibuslibet
2142 4571 2561 4651 hominibus,
2608 4574 2817 4637 certis
2860 4572 2988 4637 sub
3027 4574 3363 4639 conditio-

1805 4678 2030 4753 nibus,
2067 4681 2363 4765 fatetur.

1013 4863 1148 4921 Nos
1171 4864 1439 4922 Ioannes
1463 4862 1796 4937 Rayachar
1819 4880 2033 4921 comes
2053 4860 2279 4939 Campi
2304 4863 2748 4942 Zagrabiensis
2775 4881 2850 4923 ac
2866 4862 3180 4941 Georgius
3197 4862 3359 4929 filius

803 4970 1011 5047 Egidii
1059 4989 1275 5029 comes
1323 4969 1632 5028 terrestris
1695 4969 1975 5030 eiusdem
2038 4968 2265 5046 Campi
2328 4969 2772 5049 Zagrabiensis
2826 4969 3125 5031 memorie
3190 4988 3357 5028 com-
