3917 5592
775 417 909 485 434

1950 634 2163 704 ³54.

995 854 1180 915 Anno
1236 851 1420 915 1466.
1478 851 1573 915 10.
1621 853 1843 916 martii.
1891 853 2247 936 Zagrabiae

781 1068 1036 1134 Coram
1082 1067 1389 1132 Iohanne
1431 1066 1782 1152 Rayachav
1840 1068 2090 1132 comite
2140 1065 2391 1151 Campi
2443 1065 2938 1152 Zagrabiensis
2982 1085 3065 1129 ac
3111 1063 3334 1129 Paulo

774 1175 857 1240 de
905 1175 1158 1252 Plessm
1223 1160 1471 1240 comite
1533 1177 1695 1240 terr.
1759 1173 2071 1238 eiusdem
2122 1173 2387 1260 Campi,
2448 1173 2811 1238 Martinus
2873 1175 2939 1237 et
3000 1170 3336 1237 Nicotaus

775 1282 1201 1368 Zurnowych
1247 1283 1328 1346 de
1375 1281 1806 1358 Korilouecz,
1853 1281 2189 1366 quasdam
2240 1285 2469 1347 terras
2511 1301 2697 1360 εααε,
2751 1279 3009 1344 XXIV.
3032 1277 3337 1364 florenis

775 1390 1070 1467 Brictio,
1132 1390 1192 1456 T
1187 1389 1431 1454 homae
1475 1392 1539 1454 et
1585 1387 1825 1452 Iacobo
1860 1387 2052 1473 filiis
2092 1388 2383 1476 Georgii
2429 1389 2600 1454 olim
2647 1388 2972 1474 supponi,
3016 1385 3339 1452 vendunt.

987 1625 1121 1685 Nos
1181 1625 1493 1685 Iohannes
1560 1625 1891 1701 Rayachar
1937 1643 2151 1685 comes
2199 1624 2425 1703 Campi
2480 1623 2927 1705 Zagrabiensis
2982 1642 3059 1683 ac
3105 1622 3337 1682 Paulus

780 1732 942 1793 filius
1004 1732 1271 1792 condam
1333 1732 1630 1792 Anthonii
1693 1732 1770 1793 de
1839 1732 2059 1793 Plesso
2124 1751 2335 1793 comes
2397 1731 2710 1798 terrestris
2776 1731 3055 1791 eiusdem
3112 1729 3340 1809 Campi

775 1839 1075 1900 memorie
1145 1839 1658 1900 commendamus
1728 1859 1841 1919 per
1901 1847 2245 1919 presenteS,
2312 1841 2483 1919 quod
2544 1838 2853 1926 Martinus
2917 1847 2981 1898 et
3040 1837 3337 1897 Nicolaus

769 1947 930 2008 filius
958 1944 1144 2007 'Petri
1190 1948 1627 2025 Zurnowychy
1677 1947 1881 2007 vocati
1913 1947 1993 2010 de
2027 1947 2413 2021 Korilouecz,
2462 1965 2646 2008 omne
2680 1966 2839 2006 onus
2887 1953 2949 2006 et
2979 1964 3329 2026 gravamen

769 2055 1035 2116 filiorum
1083 2074 1158 2115 ac
1203 2055 1506 2115 heredum
1555 2073 1810 2116 suorum
1858 2055 1920 2115 in
1967 2074 2037 2115 se
2084 2055 2255 2133 ipsos
2301 2074 2414 2134 per
2445 2053 2655 2115 omnia
2698 2061 3215 2132 assumpmente8‚
3249 2052 3333 2112 ad

768 2171 1048 2223 nostram
1093 2162 1506 2242 personaliter
1552 2162 1861 2223 veniendo
1909 2163 1973 2222 in
2019 2161 2430 2241 presenciam,
2479 2162 2767 2223 dixerunt
2800 2168 2863 2222 et
2887 2159 3156 2221 confessi
3186 2166 3332 2219 sunt

768 2277 991 2348 sponte
1036 2269 1100 2329 in
1145 2269 1312 2330 hunc
1357 2269 1630 2343 modurn,
1676 2277 1744 2329 ut
1788 2269 1906 2348 ipsi
1935 2289 2049 2348 pro
2082 2269 2455 2349 quibusdam
2502 2268 2981 2331 necessitatibus
3029 2268 3323 2347 ipsorum,

767 2378 937 2457 ipsos
985 2377 1068 2438 ad
1111 2395 1373 2455 presens
1421 2377 1786 2457 urgentibus
1834 2376 2161 2451 evitandis,
2210 2378 2527 2457 quandam
2573 2376 3038 2456 possessionem
3073 2393 3329 2436 suorum

770 2493 832 2546 et
900 2483 1260 2564 porcionem
1326 2485 1604 2565 ipsorum
1669 2485 2118 2565 quartaliciam,
2188 2493 2408 2565 utputa
2474 2493 2675 2545 terras
2746 2485 3033 2559 arabileS,
3098 2483 3328 2556 senilia,

769 2591 976 2665 silvaS,
1025 2611 1223 2671 aquas
1271 2600 1334 2652 et
1377 2611 1681 2673 aquarum
1728 2592 2095 2654 decursibus
2110 2593 2146 2668 ²,
2193 2593 2256 2654 in
2302 2593 2469 2654 dicta
2514 2593 2885 2654 Korilouecz
2918 2600 2981 2652 et
3021 2591 3155 2652 eius
3189 2610 3328 2670 per-

767 2698 1051 2759 tinenciis
1116 2699 1470 2761 habitarum
1497 2708 1580 2760 -et
1626 2695 2081 2776 existencium²,
2139 2701 2362 2781 quovis
2410 2701 2659 2763 nomine
2708 2694 3099 2773 vocitarum³,
3148 2700 3319 2780 ipsos

768 2807 1002 2868 scilicet
1047 2807 1387 2870 Martinum
1435 2817 1497 2868 et
1542 2807 1872 2870 Nicolaum
1929 2810 2063 2870 iure
2111 2809 2475 2889 quartalicio
2536 2816 2901 2890 tangentem
2965 2815 3027 2868 et
3074 2826 3325 2868 concer-

770 2921 1041 2989 nentem,
1113 2933 1146 2974 a
1196 2915 1468 2993 quodam
1515 2915 1724 2994 Lapas
1771 2924 2015 2990 vocat0,
2081 2916 2203 2976 awi
2250 2925 2313 2977 et
2358 2895 2717 2996 prothawy⁴
2779 2915 3072 2994 ipsorum,
3126 2914 3327 2994 primo

771 3021 1120 3082 sessionem
1167 3021 1444 3100 ipsorum
1477 3021 1540 3082 in
1563 3023 1730 3083 dicta
1774 3024 2146 3085 Korilouecz
2193 3043 2389 3104 penes
2421 3023 2767 3086 sessionem
2790 3022 3030 3098 Briccii,
3077 3023 3321 3084 Thome

770 3137 833 3189 et
879 3128 1087 3189 Iacobi
1132 3128 1398 3189 filiorum
1445 3129 1705 3210 Georgii
1750 3131 1919 3209 olym
1964 3131 2231 3210 suppani
2277 3129 2505 3210 Campi
2550 3129 2825 3210 predicti,
2894 3129 2971 3189 ab
3020 3127 3319 3202 orientali,

773 3243 836 3297 et
881 3236 1042 3297 inter
1088 3235 1256 3296 viam
1303 3255 1698 3298 communem
1731 3255 1770 3297 a
1801 3238 2161 3313 meridione,
2210 3246 2272 3298 et
2317 3239 2476 3298 inter
2524 3238 2711 3299 aliam
2742 3236 3089 3298 sessionem
3133 3255 3323 3296 anno-

775 3351 1046 3405 tatorum
1111 3343 1350 3418 Briccii,
1413 3344 1655 3405 Thome
1704 3353 1766 3405 et
1809 3345 2037 3421 Iacobi‚
2087 3353 2149 3406 et
2192 3346 2353 3407 inter
2398 3346 2670 3425 plateam
2730 3343 3188 3405 communitatis
3253 3344 3331 3403 ab

773 3450 1031 3511 australi
1074 3451 1372 3526 habitam,
1420 3452 1692 3532 quinque
1740 3453 2161 3513 dimensiones
2207 3455 2377 3533 wlgo
2424 3453 2638 3531 methy
2684 3452 2883 3512 dictas
2943 3450 3007 3512 in
3068 3471 3137 3512 se
3183 3470 3331 3512 con-

770 3555 1036 3636 tinens-⁵3
1108 3560 1256 3619 item
1322 3579 1511 3620 unam
1581 3568 1813 3620 terram
1876 3569 2293 3639 campestrem
2354 3562 2773 3638 Iarchenycza
2835 3557 3113 3633 vocata⁶,
3178 3559 3339 3618 inter

772 3674 1004 3728 terram
1049 3666 1342 3727 Iohannis
1389 3666 1497 3726 filii
1543 3667 1764 3744 Kyrini
1810 3667 2014 3728 Sobar
2061 3668 2138 3728 de
2188 3669 2411 3729 eadem
2473 3668 2843 3729 Korilouecz
2904 3667 2984 3727 ab
3032 3664 3333 3740 orientali,

775 3781 838 3834 et
880 3774 1042 3833 inter
1087 3773 1257 3833 viam
1304 3793 1700 3834 communem
1749 3794 1786 3834 a
1819 3775 2179 3850 meridione,
2209 3783 2271 3836 et
2294 3775 2455 3836 inter
2484 3783 2717 3836 terram
2764 3773 3043 3835 annotati
3090 3772 3331 3847 Briccii,

774 3881 1016 3941 Thome
1063 3888 1126 3941 et
1170 3881 1386 3973 Iacobi
1428 3882 1507 3941 ab
1555 3882 1940 3960 occidentali,
2013 3892 2074 3943 et
2119 3883 2279 3943 inter
2325 3883 2493 3944 viam
2549 3881 2826 3943 similiter
2872 3880 3333 3944 communitatis

775 3990 853 4050 ab
903 3992 1158 4053 australi
1204 3992 1500 4066 habitam,
1548 3992 1670 4051 due
1720 3999 1782 4050 et
1827 3991 2034 4051 media
2082 3984 2419 4051 dimensio⁷
2450 3991 2620 4071 wlgo
2668 3990 2882 4067 methy
2926 3989 2991 4050 in
3036 4009 3108 4051 se
3139 3989 3331 4050 conti·

773 4117 959 4175 nens;
1005 4099 1155 4160 item
1201 4108 1434 4160 terram
1480 4099 1542 4158 in
1591 4098 1854 4158 Goricze
1902 4085 2147 4176 vocata,
2194 4089 2353 4159 inter
2398 4105 2631 4168 terram
2677 4097 2969 4158 Iohannis
3010 4097 3117 4158 filii
3164 4096 3330 4157 Ade-

777 4205 955 4282 ryani
1003 4206 1082 4266 de
1131 4206 1354 4266 eadem
1403 4202 1769 4266 Koriloucz⁸
1802 4206 1881 4266 ab
1913 4205 2215 4280 orientali,
2249 4214 2311 4266 et
2334 4205 2494 4267 inter
2525 4213 2755 4266 terram
2804 4204 3093 4264 semitam
3139 4223 3177 4264 a
3206 4222 3333 4263 me·

775 4313 1030 4386 ridione,
1080 4321 1143 4373 et
1188 4314 1350 4374 inter
1394 4321 1625 4375 terram
1673 4313 1950 4374 annotati
1984 4313 2224 4387 Briccii,
2272 4314 2516 4374 Thome
2564 4321 2627 4372 et
2671 4312 2882 4373 Iacobi
2929 4313 3009 4372 ab
3051 4310 3336 4372 occiden-

773 4419 898 4494 tali,
947 4428 1008 4480 et
1053 4419 1214 4481 inter
1248 4421 1416 4482 viam
1448 4420 1906 4483 communitatis
1955 4421 2036 4482 ab
2069 4421 2340 4496 australi,
2388 4420 2662 4502 quinque
2696 4419 3117 4481 dimensiones
3162 4419 3331 4499 wlgo

775 4535 941 4587 mete
989 4522 1182 4589 dicte⁹
1228 4529 1293 4589 in
1337 4550 1406 4591 se
1439 4530 1793 4605 continens;
1843 4529 1993 4590 item
2041 4537 2274 4590 terram
2319 4529 2806 4605 Kowachnycza
2852 4535 3095 4602 vocata,
3142 4545 3337 4606 penes

778 4642 1010 4694 terram
1060 4637 1340 4697 annotati
1387 4638 1608 4697 Briccii
1655 4639 1733 4698 ab
1782 4637 2083 4711 orientali,
2133 4645 2195 4697 et
2240 4637 2400 4696 inter
2445 4635 2613 4696 viam
2660 4654 3054 4696 communem
3088 4653 3127 4694 a
3158 4633 3337 4694 meri-

781 4741 982 4816 dione,
1030 4752 1092 4804 et
1138 4744 1298 4804 inter
1342 4752 1575 4812 terram
1619 4744 1862 4804 Nicolai
1907 4745 2016 4805 filii
2064 4743 2406 4804 Clementis
2454 4743 2532 4802 ab
2581 4743 2922 4804 meridione
2970 4750 3032 4803 et
3066 4742 3144 4801 ab
3176 4741 3337 4802 occi-

777 4849 1025 4924 dentali,
1075 4859 1136 4912 et
1182 4852 1340 4911 inter
1387 4853 1613 4912 vallem
1663 4852 1742 4911 ab
1791 4853 2047 4913 australi
2094 4853 2279 4912 sitam
2343 4849 2638 4925 habitam,
2703 4852 2827 4911 due
2876 4858 2938 4910 et
2991 4849 3201 4909 media
3247 4847 3334 4908 di-

778 4957 1140 5018 mensiones
1186 4961 1355 5040 wlgo
1401 4961 1462 5019 in
1511 4979 1581 5020 se
1630 4960 1986 5034 continens3
2049 4961 2198 5021 item
2261 4970 2491 5019 terram
2538 4959 3047 5037 Meyputhnycza
3093 4965 3336 5032 vocata,
