3917 5592
768 464 889 527 164

758 680 1075 739 metalium
1110 677 1605 739 nomenclatione
1656 677 1814 737 inter
1849 676 2088 737 nobiles
2136 676 2214 735 de
2264 675 2700 752 Kys-Goricza
2731 683 2794 733 et
2824 675 2926 751 de·
2951 672 3324 733 Kurilovecz

758 808 923 849 anno
978 786 1162 851 1411.
1210 786 1377 847 inita.
1426 785 1766 866 Originale.

976 927 1254 981 Elenchus
1293 926 1516 981 docum.
1572 924 1824 979 familiae
1862 924 2066 987 Modic,
2123 924 2274 994 apud
2313 924 2446 978 nob.
2485 922 2778 978 dominam
2837 922 3023 977 Medic
3060 921 3118 977 in
3159 922 3324 976 Infer.

760 1016 1051 1072 Lomnica.
1076 1045 1141 1054 —
1172 1014 1499 1069 Memoriale
1536 1014 1827 1071 literarum
1856 1012 2108 1069 familiae
2147 1012 2638 1083 Pogledichianac‚
2677 1013 2832 1083 apud
2857 1014 2990 1069 nob.
3017 1012 3321 1081 Georgium

758 1106 1024 1175 Pogledic
1060 1106 1121 1160 in
1158 1104 1459 1160 Kurilovec
1496 1103 1600 1161 No.
1626 1104 1730 1173 52,
1770 1104 1829 1158 in
1856 1119 1968 1173 quo
2008 1104 2151 1159 haec
2179 1104 2582 1159 documentum
2621 1103 2702 1157 sie
2729 1104 2988 1157 notatum
3026 1102 3325 1173 reperitur:

758 1198 939 1267 Super
964 1195 1131 1251 bonis
1158 1193 1539 1265 Kys-Goricza
1561 1198 1617 1249 et
1643 1192 1901 1248 Kurilocz
1926 1208 2120 1248 coram
2157 1194 2371 1247 Ioanne
2409 1192 2527 1247 filio
2553 1191 2845 1247 Michaelis
2875 1192 3082 1247 comite
3122 1190 3322 1261 Campi

762 1284 1154 1355 Zagrabiensis
1194 1288 1249 1339 et
1286 1282 1479 1353 Egidio
1540 1282 1656 1338 filio
1694 1282 1914 1338 Nicolai
1953 1282 2160 1337 comite
2216 1281 2464 1337 terrestri
2502 1281 2570 1337 de
2598 1282 2730 1337 dato
2750 1281 3074 1351 Zagrabiae.
3115 1282 3313 1337 Annus

759 1373 1057 1444 illegibilis.

979 1499 997 1530 ¹
1036 1500 1132 1553 sic.

1948 1624 1984 1688 1
2008 1621 2151 1689 ⁷4.

975 1788 1159 1847 Anno
1218 1784 1400 1845 1412.
1460 1784 1553 1845 12.
1602 1786 1881 1846 ianuarii.
1929 1786 2302 1865 Zagrabiae.

768 1946 1033 2009 Paulus
1098 1944 1395 2029 Clmpor,
1442 1964 1664 2008 comes
1696 1942 2222 2039 ‘Zagrabiensis
2264 1946 2330 2008 et
2367 1928 2768 2023 Crisiensis,
2815 1944 2896 2007 de
2946 1934 3328 2009 statutioize

764 2052 1047 2141 Νίεοζαὶ
1108 2052 1189 2115 de
1260 2051 1495 2117 Mlaka
1542 2051 1621 2115 in
1670 2049 1869 2115 bonis
1937 2050 2247 2115 eiusdem
2297 2050 2550 2127 Mlaka,
2623 2050 3053 2115 Petrusouch
3117 2054 3182 2115 et
3249 2051 3326 2115 in

1020 2158 1381 2224 Montibus
1424 2178 1623 2225 secus
1668 2157 2025 2223 ecclesiam
2071 2178 2125 2221 S.
2177 2156 2252 2221 K
2244 2156 2622 2235 atlzerinae,
2667 2158 2777 2243 sig
2785 2156 3048 2242 nificat.

976 2322 1108 2381 Nos
1172 2322 1474 2403 magister
1520 2322 1752 2382 Paulus
1818 2320 1981 2381 filius
2030 2321 2288 2401 Georgii
2354 2321 2499 2381 dicti
2565 2320 2827 2401 Chupor
2891 2322 2969 2382 de
3017 2322 3329 2395 MonozIO,

762 2430 1211 2511 Zagrabiensis
1275 2440 1339 2491 et
1400 2429 1756 2507 Crisyensis
1828 2428 2233 2489 comitatuum
2307 2448 2538 2504 comeS‚
2605 2448 2680 2489 ac
2742 2430 2980 2489 iudices
3028 2428 3326 2490 nobilium

766 2538 912 2597 dicti
981 2538 1312 2598 comitatus
1359 2536 1805 2616 Zagrabiensis
1868 2536 2166 2596 memorie
2215 2537 2745 2607 commendamuS,
2808 2537 2976 2615 quod
3024 2556 3168 2596 cum
3213 2555 3331 2595 nos

766 2646 847 2705 ad
897 2645 1232 2705 instantem
1301 2644 1674 2722 peticionem
1720 2643 1964 2704 Nicolai
2021 2643 2127 2703 filii
2189 2643 2450 2724 Georgii
2495 2644 2574 2704 de
2622 2644 2856 2718 Mlaka‚
2916 2645 3087 2703 Iwan
3135 2642 3327 2703 filium

766 2746 1055 2832 Gregorii
1103 2752 1179 2811 de
1228 2749 1682 2831 Domagouich‚
1730 2771 1919 2810 unum
1972 2770 2046 2811 ex
2093 2750 2292 2826 nobiS‚
2326 2749 2560 2811 seilicet
2588 2750 2857 2813 iudicem
2904 2750 3200 2811 nobilium
3249 2750 3330 2809 ad

764 2859 1190 2938 infrascriptas
1238 2859 1771 2938 possessionarias
1834 2858 2366 2920 introduccionem
2417 2865 2481 2918 et
2525 2859 2941 2919 statucionem
2990 2858 3330 2932 faciendam,

767 2968 845 3026 de
893 2966 1043 3027 sede
1092 2974 1307 3026 nostra
1352 2966 1675 3026 iudiciaria
1720 2965 1998 3046 legitime
2032 2965 2542 3040 destinassemu8‚
2589 2966 2844 3026 tandem
2890 2965 3058 3025 idem
3105 2956 3330 3025 exinde

769 3074 851 3134 ad
896 3092 1011 3133 nos
1077 3092 1367 3133 reversus
1414 3073 1592 3134 nobis
1658 3073 1863 3133 retulit
1911 3092 1988 3132 eo
2035 3073 2241 3147 modo,
2304 3072 2472 3151 quod
2519 3072 2654 3150 ipse
2716 3074 2995 3132 secundo
3044 3073 3144 3133 die
3190 3072 3331 3133 festi

764 3180 1255 3259 Epiphaniamm
1288 3180 1542 3254 domini,
1582 3199 1748 3240 nunc
1776 3178 2055 3257 preteriti
2103 3187 2166 3239 et
2212 3178 2347 3239 aliis
2394 3178 2615 3239 diebus
2649 3180 2730 3240 ad
2777 3180 2839 3239 id
2889 3180 3049 3259 aptis
3099 3186 3163 3240 et
3207 3180 3331 3239 suf-

768 3288 1135 3361 ficientibuS,
1184 3289 1266 3348 ad
1310 3286 1504 3348 facies
1554 3288 1988 3348 universarum
2035 3287 2402 3365 porcionum
2449 3288 3088 3365 possessionariarum
3133 3287 3331 3367 ipsius

768 3397 1011 3457 Nicolai
1061 3396 1264 3475 ipsum
1328 3397 1389 3456 in
1457 3397 1682 3457 eadem
1728 3397 1946 3455 Mlaka
2009 3404 2073 3456 et
2131 3396 2194 3455 in
2241 3396 2664 3457 Petrussouch
2712 3396 2884 3457 iuxta
2931 3396 3188 3471 Odram,
3259 3416 3334 3456 ac

770 3504 833 3563 in
882 3503 1193 3563 montibus
1241 3522 1425 3564 secus
1457 3504 1789 3564 ecclesiam
1836 3510 2054 3563 sancte
2087 3502 2430 3563 Katherine
2476 3503 2738 3583 virginis
2774 3512 2836 3564 et
2875 3503 3132 3564 ubilibet
3180 3502 3334 3563 alias

771 3610 1308 3686 concernencium‚
1368 3620 1498 3671 tam
1544 3610 2080 3685 hereditariamm,
2145 3611 2670 3690 empticionalium
2718 3631 2906 3691 quam
2953 3612 3334 3693 impignora-

770 3720 1166 3795 tieionalium,
1228 3721 1398 3799 apud
1442 3705 1666 3780 manus
1716 3738 1863 3779 suas
1910 3719 1974 3777 in
2022 3719 2302 3797 predicto
2350 3719 2646 3779 comitatu
2700 3720 3113 3799 Zagrabiensi
3160 3718 3334 3779 habi-

774 3835 997 3901 tarum,
1046 3826 1264 3886 vicinis
1313 3835 1375 3887 et
1421 3826 1867 3887 commetaneis
1930 3826 2270 3886 earundem
2318 3824 2626 3887 universis
2671 3826 2821 3886 inibi
2867 3828 3142 3907 legitime
3191 3845 3334 3886 con-

771 3934 1011 3995 vocatis
1059 3943 1122 3994 et
1166 3934 1562 4013 presentibus
1612 3934 2000 4007 accessisset,
2066 3942 2128 3993 et
2173 3934 2443 3993 eundem
2506 3934 2836 3994 Nicolaum
2882 3934 2946 3995 in
2995 3934 3332 3996 dominium

771 4043 1112 4103 earundem
1158 4042 1618 4114 introduxisset,
1668 4041 2049 4119 easdemque
2085 4040 2288 4101 eidem
2335 4042 2596 4102 Nicolao
2625 4042 2757 4102 iure
2807 4042 2924 4103 sibi
2955 4041 3334 4103 incumbenti

770 4150 1186 4231 possidendas
1220 4150 1555 4222 statuisset,
1604 4148 1851 4209 nemine
1880 4148 2029 4208 inibi
2058 4155 2206 4209 tunc
2235 4150 2689 4210 contradictore
2738 4158 3097 4229 apparente,
3141 4148 3336 4209 tribus

773 4258 993 4318 diebus
1053 4257 1360 4317 continuis
1416 4256 1761 4316 secundum
1808 4256 2016 4335 legem
2080 4256 2260 4337 regni
2305 4256 2369 4317 in
2415 4256 2695 4317 faciebus
2757 4257 3036 4337 ipsarum
3095 4275 3336 4317 moram

770 4364 1075 4426 faciendo,
1122 4365 1191 4423 In
1226 4363 1401 4423 cuius
1433 4362 1521 4422 rei
1550 4362 1973 4423 testimonium
2001 4372 2329 4441 presentes
2360 4364 2597 4425 litteras
2639 4372 2886 4425 nostras
2914 4363 3334 4445 privilegiales

775 4472 976 4533 eidem
1010 4471 1271 4530 Nicolao
1320 4470 1609 4531 duximus
1643 4471 2100 4535 concedendas.
2146 4472 2380 4532 Datum
2409 4472 2741 4553 Zagrabie,
2790 4482 2967 4533 sexto
3001 4473 3101 4533 die
3147 4472 3334 4532 intro·

774 4578 1093 4640 duceionis
1142 4586 1206 4637 et
1251 4577 1615 4637 statucionis
1673 4578 2110 4656 predictarum,
2178 4598 2341 4641 anno
2389 4579 2624 4641 domini
2683 4579 3009 4641 millesimo
3055 4575 3334 4641 CCCC0.

776 4685 1163 4746 duodecimo.

993 4823 1277 4893 Originalc
1316 4826 1741 4879 membraneum
1780 4826 1837 4880 in
1878 4828 2113 4883 archivo
2153 4827 2307 4897 regni
2347 4828 2681 4895 Hungariae,
2725 4825 3120 4895 Budapestini:
3167 4824 3236 4879 M.
3275 4822 3340 4878 Ο.

778 4916 836 4969 1).
882 4916 934 4969 1,.
976 4914 1189 4976 3295‘2„
1246 4914 1381 4967 olim
1428 4914 1489 4968 N.
1528 4914 1576 4968 R
1632 4916 1695 4969 Α.
1754 4916 1885 4970 fasc.
1928 4916 2048 4971 138.
2104 4916 2208 4972 Νο.
2247 4917 2296 4971 6.
2373 4917 2420 4972 A
2459 4932 2604 4971 zona
2661 4916 2827 4970 rubra
2865 4914 3080 4968 sericea
3134 4914 3342 4983 pendet

776 5004 1037 5075 sigillum,
1074 5004 1230 5059 aliud
1268 5004 1399 5059 huic
1437 5020 1472 5058 a
1510 5004 1707 5059 dextra
1740 5010 1899 5087 parte
1938 5006 2077 5061 olim
2114 5007 2368 5087 pendens
2405 5022 2650 5070 unacum
2689 5020 2835 5060 zona
2872 5003 3054 5083 periit.
