3917 5592
3080 435 3213 503 453

639 652 1044 715 incarceretis
1092 662 1156 716 et
1198 654 1262 715 in
1311 655 1598 717 custodia
1641 655 1926 731 teneatis,
1976 656 2263 717 arestetis
2311 664 2375 717 et
2420 655 2740 735 occupetis
2787 674 2900 735 per
2946 676 3060 716 vos
3110 658 3212 717 vel

641 761 830 822 alium
893 781 1006 823 seu
1068 762 1225 823 alios
1272 769 1336 823 et
1381 762 1638 843 quilibet
1681 771 1979 838 vestrum,
2026 764 2132 844 qui
2194 783 2387 843 super
2444 764 2563 825 hoc
2625 764 2959 845 requisitus
3004 765 3207 840 fuerit,

642 869 866 948 capiat,
914 869 1188 945 invadat,
1235 870 1597 946 incarceret,
1660 872 1987 947 custodiat,
2035 872 2328 949 detineat,
2389 880 2671 951 occupet,
2736 880 2967 933 arestet
3012 872 3207 933 libere

643 986 707 1037 et
752 976 934 1053 licite,
981 996 1173 1057 super
1236 978 1462 1057 quibus
1527 979 1816 1039 omnibus
1863 987 1927 1040 et
1971 979 2234 1061 singulis
2281 980 2461 1041 vobis
2524 988 2587 1041 et
2632 988 2912 1041 vestrum
2958 980 3211 1042 cuilibet

641 1084 968 1146 licenciam
1015 1092 1080 1145 et
1121 1084 1468 1164 plenariam
1498 1093 1876 1165 potestatem
1916 1088 2319 1149 concedimus
2348 1107 2463 1167 per
2493 1096 2835 1167 presenteS,
2884 1088 3209 1167 dictosque

641 1192 1132 1273 denuncci[atos,
1165 1194 1550 1274 agravatos],
1581 1202 1995 1275 reagravatos
2028 1240 2971 1257 ................
3004 1195 3209 1255 taliter

640 1299 1003 1382 astringatis
1065 1309 1130 1361 et
1191 1301 1576 1381 compellatis
1624 1346 2205 1364 ..........
2252 1322 2445 1364 manu
2488 1302 2648 1378 forti,
2696 1304 2938 1384 absque
2994 1310 3209 1364 tamen

634 1408 818 1489 gravi
883 1408 1120 1469 lesione
1168 1428 1502 1489 corporum
1548 1410 1907 1487 eorundem,
1957 1419 2021 1471 et
2066 1411 2343 1473 omnium
2390 1419 2453 1471 et
2497 1412 2887 1493 singulorum
2944 1410 3207 1491 premis·
3282 1410 3288 1415 '

631 1534 848 1577 sorum
896 1561 1160 1577 .....
1228 1517 1472 1578 cionem
1535 1525 1598 1579 et
1658 1516 2177 1594 satisfaccionem,
2247 1520 2417 1599 quod
2477 1519 2531 1579 si
2600 1538 2715 1580 vos
2786 1515 3205 1581 illustrissime

635 1624 926 1703 princeps
975 1624 1224 1686 domine
1271 1604 1384 1685 rex
1430 1626 1761 1701 antedicte,
1810 1634 2107 1687 executor
2160 1626 2400 1687 iusticie
2461 1626 2771 1705 presentis
2816 1626 3014 1687 nostri
3060 1645 3202 1705 pro-

642 1748 862 1790 cessus
894 1748 970 1791 ac
997 1731 1436 1792 mandatorum
1463 1740 1836 1807 nostrorum,
1883 1730 2097 1811 y'mmo
2126 1733 2336 1793 verius
2375 1734 2537 1794 dicte
2570 1743 2971 1795 sacrosancte
2998 1732 3207 1794 sinodi

637 1837 1004 1899 Basiliensis
1063 1839 1421 1900 huiusmodi
1477 1847 1911 1922 transgressor
1955 1841 2061 1902 vel
2102 1841 2425 1923 neglector
2469 1842 2724 1918 fueritis,
2786 1850 2937 1902 tunc
2982 1848 3193 1901 vestre

641 1946 874 2027 regalis
921 1946 1268 2007 maiestatis
1312 1947 1726 2029 prefulgende
1769 1948 1898 2009 iam
1943 1946 2181 2009 dudum
2225 1968 2339 2029 per
2384 1957 2585 2010 totum
2630 1950 2849 2011 orbem
2881 1950 3203 2029 divulgate

639 2052 1010 2115 obediencia
1057 2055 1362 2134 suspicari
1406 2074 1534 2116 non
1580 2055 1704 2117 sint
1747 2056 1965 2135 procul
1992 2055 2199 2133 dubie,
2247 2056 2447 2117 eciam
2479 2055 2623 2117 iusti
2654 2056 2875 2117 iudicis
2910 2055 3206 2117 iudicium

641 2158 970 2222 offendetis
1002 2170 1064 2223 et
1094 2161 1406 2242 premium
1450 2162 1606 2224 alias
1635 2162 1818 2224 vobis
1850 2182 1890 2224 a
1921 2165 2043 2225 deo
2070 2172 2360 2243 paratum
2399 2163 2831 2224 nichilominus
2865 2162 3204 2236 amittettis,

641 2277 704 2329 et
749 2269 892 2331 licet
937 2288 1054 2331 vos
1098 2270 1456 2331 huiusmodi
1515 2270 1744 2333 nostris
1805 2270 2087 2333 serviciis
2132 2271 2223 2332 sic
2280 2272 2467 2352 ligari
2527 2271 2835 2345 nolumus,
2896 2270 3075 2332 vobis
3122 2270 3202 2330 ob

641 2378 1072 2440 reverenciam
1116 2388 1328 2441 vestre
1375 2380 1608 2461 regalis
1653 2379 2001 2441 maiestatis
2046 2400 2173 2441 non
2218 2378 2527 2441 immerito
2558 2379 2929 2454 deferentes,
2976 2377 3200 2438 intuitu

637 2495 851 2548 tamen
897 2488 1062 2549 iuste
1109 2488 1272 2549 dicte
1320 2498 1724 2550 sacrosancte
1769 2488 1971 2549 sinodi
2017 2488 2398 2565 Basiliensis,
2446 2494 2791 2567 sancteque
2836 2486 3005 2548 sedis
3054 2504 3202 2564 apo-

641 2596 858 2656 stolice
905 2596 1354 2672 reverenciam,
1401 2598 1668 2657 eandem
1729 2598 2013 2678 regalem
2073 2596 2469 2657 maiestatem
2514 2596 2595 2656 ad
2642 2595 2951 2675 prefatam
2981 2612 3205 2655 execu-

640 2703 886 2773 cionem
933 2704 1414 2785 adimplendam,
1459 2713 1647 2785 prout
1692 2706 1778 2765 ad
1821 2706 2089 2766 eandem
2136 2712 2397 2783 spectat,
2441 2702 2508 2763 in
2553 2702 2809 2765 domino
2838 2709 3213 2775 exortamur,

643 2819 707 2871 et
753 2812 1136 2893 generaliter
1181 2812 1326 2873 dicti
1377 2812 1774 2894 subdelegati
1834 2812 2033 2873 nostri
2094 2812 2305 2873 omnia
2350 2818 2415 2871 et
2458 2809 2709 2892 singula
2760 2809 2825 2869 in
2869 2809 2989 2869 hac
3035 2816 3213 2888 parte

653 2919 992 2980 commissa
1029 2964 1038 2971 -
1050 2918 1332 2999 plenarie
1401 2930 1806 3001 exequantur,
1877 2920 2051 2981 iuxta
2121 2928 2185 2980 et
2244 2918 2591 3007 secundum
2646 2916 3056 2978 tradicionem
3098 2934 3217 2975 seu

654 3026 868 3086 datam
915 3045 954 3087 a
1001 3028 1167 3087 dicta
1212 3034 1622 3088 sacrosancta
1663 3028 1886 3089 sinodo
1931 3026 2265 3087 Basiliensi
2308 3024 2491 3085 nobis
2534 3024 2819 3099 formam,
2862 3022 2953 3084 ita
2980 3030 3211 3097 tamen,

647 3134 816 3211 quod
863 3133 1052 3193 iidem
1099 3134 1495 3215 subdelegati
1541 3136 1736 3196 nostri
1781 3136 1847 3195 in
1891 3134 2293 3214 processibus
2335 3151 2459 3213 per„
2509 3150 2627 3193 nos
2678 3130 2909 3192 habitis
2954 3137 3018 3191 et
3062 3138 3205 3190 se'n·

646 3239 864 3299 tenciis
913 3242 1029 3319 per
1072 3258 1190 3301 nos
1253 3241 1426 3316 latis,
1473 3243 1830 3303 huiusmodi
1896 3242 2285 3303 absolvendo
2329 3242 2433 3301 vel
2486 3238 2927 3319 suspendendo
2976 3236 3209 3315 aliquid

639 3345 974 3408 immutare
1017 3348 1122 3408 vel
1169 3348 1326 3409 alias
1371 3348 1710 3429 quicquam
1739 3350 1804 3410 in
1833 3349 2255 3428 preiudicium.
2292 3348 2599 3409 dictorum
2627 3346 3045 3409 dominorum-
3063 3362 3203 3423 pre-

640 3453 844 3532 positi,
893 3454 1340 3517 canonicorum
1367 3463 1442 3535 et,
1457 3456 1726 3535 capituli,
1774 3456 2207 3541 principalium
2235 3456 2339 3517 vel
2381 3454 2819 3542 procuratoris,
2866 3472 2979 3535 seu
3012 3468 3202 3529 super

641 3560 962 3639 premissis
1009 3571 1331 3642 nequeant
1362 3563 1791 3644 ‚quovismodo
1836 3570 2247 3644 attemptare„
2274 3563 2435 3632 etsi
2482 3562 2807 3647 contingat
2852 3580 2967 3631 1¹08
3014 3576 3230 3639 Super.

640 3668 961 3748 premissis
1009 3670 1073 3729 in
1122 3669 1329 3749 aliquo
1375 3671 1736 3749 procedere,
1785 3672 1864 3732 de
1911 3690 2035 3751 quo
2082 3671 2262 3731 nobis
2308 3669 2663 3749 potenciam
2712 3667 3059 3747 plenariam
3076 3684 3201 3726 --re-

640 3796 967 3838 servamus
1015 3797 1140 3838 non
1186 3778 1583 3854 intendimuS,
1630 3787 1965 3859 propterea
1996 3778 2498 3839 commissionem
2529 3784 2807 3837 nostram
2846 3760 3200 3835 huiusmodi

635 3884 700 3945 in
750 3884 958 3965 aliquo
989 3904 1308 3960 revocare,
1341 3885 1460 3946 nisi
1493 3886 1571 3946 de
1606 3886 2015 3947 revocacione
2061 3883 2416 3945 huiusmodi
2461 3884 2712 3962 plenam
2744 3890 2805 3943 et
2834 3900 3198 3961 expressam

637 3992 700 4052 in
747 3992 976 4053 nostris
1022 3992 1214 4053 literis
1260 3993 1614 4054 faceremus
1675 3992 2084 4066 mencionem,
2145 3998 2468 4070 presentes
2531 4008 2780 4069 quoque
2825 3990 3036 4050 literas
3084 4007 3197 4048 seu

639 4117 973 4177 processus
1021 4099 1472 4160 executoriales
1503 4100 1792 4160 volumus
1837 4116 2039 4177 penes
2083 4099 2280 4158 dictos
2314 4098 2597 4157 dominos
2644 4096 3045 4176 prepositum,
3092 4115 3193 4155 ca-

639 4206 899 4267 nonicos
947 4214 1010 4267 et
1055 4206 1392 4285 capitulum
1438 4208 1540 4267 vel
1600 4213 2069 4286 procuratorem
2132 4224 2313 4265 suum
2384 4222 2725 4277 remanere,
2790 4210 2853 4263 et
2896 4222 3023 4263 non
3083 4221 3197 4279 per

637 4334 752 4376 vos
785 4316 886 4375 vel
934 4314 1204 4394 aliquem
1237 4322 1515 4376 vestrum
1545 4314 1696 4393 ipsis
1726 4312 1934 4373 invitis
1966 4312 2431 4393 quomodolibet
2474 4298 2771 4386 detinere,
2819 4302 3195 4371 contrarium

637 4442 790 4483 vero
836 4421 1140 4482 facientes
1200 4421 1456 4501 prefatis
1519 4420 1748 4482 nostris
1809 4420 2165 4496 sentenciiS,
2210 4426 2395 4499 prout
2450 4418 2515 4478 in
2573 4418 2817 4496 seriptis
2862 4419 2988 4478 late
3034 4424 3195 4490 sunt,

638 4529 776 4609 ipso
821 4528 992 4602 facto
1035 4530 1326 4589 volumus
1372 4528 1716 4603 subiacere,
1763 4528 2139 4588 mandamus
2186 4534 2397 4589 tamen
2444 4525 2689 4604 copiam
2734 4524 2871 4589 ficri
2921 4524 3007 4585 de
3019 4561 3035 4589 ·.
3053 4541 3192 4601 pre·
3199 4538 3222 4591 )

639 4637 845 4698 missis
871 4636 1390 4716 eampetentibus
1416 4644 1478 4697 et
1501 4636 1738 4697 habere
1761 4634 2155 4709 debentibus,
2180 4632 2533 4713 petencium
2562 4631 2815 4711 quidem
2848 4629 3195 4715 sumptibus

637 4754 699 4806 et
763 4744 1052 4825 expensis
1123 4743 1572 4806 absolvendam
1619 4790 1632 4803 .
1681 4790 1696 4804 .
1745 4790 1760 4805 .
1807 4743 2084 4803 omnium
2155 4750 2217 4802 et
2276 4741 2682 4822 singulorum,
2744 4739 2850 4820 qui
2917 4736 3192 4817 prefatas

636 4860 886 4913 nostras
932 4850 1285 4913 sentencias
1333 4859 1442 4910 aut
1495 4868 1714 4911 earum
1760 4850 2003 4931 aliquas
2048 4894 2311 4910 .....
2358 4882 2374 4910 ·.
2420 4892 2935 4909 .........
2982 4852 3195 4908 nostro

637 4968 850 5021 tamen
896 5002 1728 5019 ..............
1769 4990 1791 5019 -.
1839 4957 2227 5038 singulorum
2290 4956 2477 5018 fidem
2541 4962 2605 5017 et
2652 4954 3073 5019 testimonium
3120 4998 3134 5013 .
3166 4986 3197 5012 ·.
