3917 5592
864 406 986 468 112

853 624 1119 683 eundem
1156 622 1393 684 eisdem
1426 624 1792 683 collatarum
1818 621 2135 702 regiarum
2168 620 2639 700 possessionum
2671 620 3005 680 Petrouina
3037 630 3100 679 et
3131 621 3416 679 Hrascha

856 738 1240 805 vocatarum,
1310 731 1390 790 ad
1438 740 1713 791 castrum
1760 729 2008 810 regium
2071 729 2261 789 Selen
2309 728 2429 787 alio
2479 727 2728 787 nomine
2781 728 3088 805 Chychan
3135 736 3418 805 spectan-

851 838 1024 911 tium,
1071 836 1249 897 titulo
1296 856 1501 897 novae
1550 837 1903 897 donationis
1953 836 2170 917 regiae
2217 836 2584 897 introducet.

1067 978 1307 1032 loannes
1346 976 1587 1043 Thalem,
1630 977 1780 1031 Mon.
1818 976 1947 1031 hist.
1987 976 2136 1031 civit.
2176 976 2483 1045 Zagrabiae
2521 978 2558 1030 1.
2595 992 2650 1045 p.
2688 975 2810 1030 308.
2861 976 2903 1029 E
2940 978 3293 1045 transumpto
3331 991 3420 1029 ca-

851 1066 1014 1136 pituli
1052 1065 1441 1136 Zagrabiensis
1480 1082 1531 1122 a.
1572 1066 1726 1123 1387.
1765 1066 1850 1121 20.
1888 1082 2015 1136 aug.
2056 1068 2116 1120 ln
2156 1066 2391 1122 archivo
2431 1065 2677 1121 civitatis
2714 1065 3038 1121 Zarrabiae.

2041 1351 2246 1422 108.

1070 1516 1255 1577 Anno
1312 1516 1496 1579 1387.
1546 1516 1647 1578 20.
1699 1517 1968 1598 augusti.

1070 1713 1429 1792 Capitulum
1492 1714 1795 1775 ecclesiae
1843 1712 2308 1794 Zagrabiensi8‚
2368 1710 2844 1793 Sigismundum
2889 1712 3258 1793 Hungariae
3306 1720 3418 1772 etc.

856 1840 1092 1902 regem,
1162 1823 1241 1882 de
1287 1820 1653 1882 introductis
1723 1820 1962 1881 civibus
2013 1820 2280 1881 civitatis
2351 1819 2910 1900 Montisgrecensis
2967 1820 3044 1879 de
3105 1819 3422 1900 Zagrabia

857 1947 970 2007 per
1017 1928 1311 2008 Egidium
1359 1928 1831 2002 Theotonicum,
1882 1929 2291 1988 castellanum
2340 1928 2417 1987 de
2465 1928 2674 2003 Selyn,
2721 1926 3034 1987 hominem
3068 1926 3312 2007 regium
3361 1933 3422 1986 et

860 2036 1218 2096 Barnabam
1280 2036 1651 2097 canonicum
1720 2034 2217 2115 Zagrabiensem
2274 2035 2339 2095 in
2394 2034 2896 2113 possessionem:
2965 2034 3303 2094 Petrovina
3361 2043 3424 2093 et

856 2143 1146 2205 Hrascha
1191 2144 1441 2205 nemine
1488 2144 1970 2217 contradicente,
2020 2142 2348 2207 certiorem
2394 2142 2556 2202 facit.

1071 2285 1310 2339 Ioannes
1349 2284 1591 2354 Tkaleit‘„
1631 2285 1778 2339 Mon.
1817 2280 1948 2336 hist.
1987 2280 2138 2337 civit.
2177 2282 2561 2351 Zagrabiae·1.
2600 2298 2652 2350 p.
2691 2280 2814 2335 309.
2881 2278 3162 2349 Originale
3201 2282 3419 2335 charta-

858 2388 1038 2443 ceum,
1077 2389 1114 2427 a
1154 2376 1310 2443 tergo
1349 2390 1682 2443 appressum
1720 2372 1984 2443 sigillum.
2027 2372 2088 2426 In
2127 2372 2362 2427 archivo
2403 2373 2552 2429 civit.
2591 2370 2916 2440 Zagrabiae.

2045 2622 2253 2694 109.

1072 2824 1256 2884 Anno
1312 2822 1496 2885 1387.
1546 2822 1605 2885 4.
1653 2824 2020 2885 decembris,
2069 2824 2304 2886 Eudae.

860 3016 1365 3103 Sigismundus
1411 3018 1832 3103 Hungariae
1876 3021 1995 3083 etc.
2046 3039 2185 3096 rex,
2259 3017 2704 3083 donationem
2750 3039 2956 3083 suam
3002 3017 3084 3082 de
3137 3039 3199 3082 a.
3245 3015 3416 3098 1587.

862 3142 967 3189 22.
1014 3125 1199 3203 iulii,
1246 3128 1459 3209 super
1494 3126 1929 3210 possessione
1962 3123 2426 3190 Petrensouch
2473 3145 2633 3189 cum
2679 3126 2863 3190 silva
2889 3124 3310 3209 Rakytholch
3355 3129 3419 3189 et

862 3234 1062 3316 prato
1118 3230 1597 3297 Gordouazela
1644 3234 2061 3310 emanatam‚
2105 3254 2188 3296 ac
2242 3231 2409 3296 huic
2452 3231 2970 3317 subsequentem
3019 3231 3422 3297 relationem

866 3339 1162 3423 capituli
1191 3339 1513 3404 ecclesiae
1556 3337 2054 3424 Zagrabiensis
2099 3360 2159 3405 a.
2191 3338 2366 3420 1387.
2413 3355 2460 3403 Ι.
2497 3340 2804 3425 augusti,
2853 3340 2934 3403 de
2958 3342 3240 3423 peracta
3286 3340 3423 3402 sta-

864 3444 1136 3510 tutione
1167 3447 1582 3511 monasterii
1627 3444 1708 3511 B.
1758 3446 1852 3527 M
1916 3446 1987 3511 V.
2033 3445 2536 3511 heremitarum
2603 3451 2811 3531 prope
2876 3444 3296 3531 Zagrabiam
3345 3445 3423 3509 in

862 3550 1342 3638 supradictam
1410 3554 1935 3637 possessionem,
1983 3554 2238 3619 silvam
2283 3557 2349 3619 et
2395 3557 2696 3638 pratum,
2736 3557 2868 3639 pro
2909 3552 3138 3618 eodem
3185 3572 3420 3616 mona-

1806 3663 2043 3739 steri0,
2091 3662 2479 3747 confirmat.

1076 3862 1517 3941 Sigismundus
1592 3862 1692 3923 dei
1752 3862 1970 3942 gracia
2033 3862 2377 3951 Hungarie,
2447 3862 2787 3935 Dalmacie‚
2857 3860 3144 3935 Croacie,
3207 3861 3420 3932 Rame‚

862 3970 1099 4043 Seruie,
1171 3969 1448 4044 Gallicie,
1514 3970 1904 4045 Lodomerie‚
1976 3969 2302 4044 Comanie‚
2359 3970 2779 4050 Bulgarieque
2839 3988 2946 4029 rex
3009 3989 3085 4029 ac
3145 3967 3420 4028 marchio

864 4077 1514 4157 Brandemburgensis
1556 4078 1719 4138 sacri
1783 4078 2050 4139 Romani
2096 4078 2338 4156 imperii
2397 4076 2953 4137 archicamararius
2999 4094 3242 4136 necnon
3301 4076 3419 4134 Bo-

864 4186 1068 4245 hemie
1101 4192 1163 4244 et
1192 4184 1763 4265 Lucemburgensis
1810 4186 1996 4246 heres
2044 4185 2332 4257 omnibus
2380 4182 2614 4244 Christi
2659 4184 2946 4244 fidelibus
2992 4192 3122 4243 tarn
3167 4202 3419 4261 presen-

864 4293 1027 4354 tibus
1074 4312 1263 4371 quam
1308 4292 1530 4352 futuris
1576 4292 1970 4372 presencium
2020 4292 2314 4352 noticiam
2360 4292 2664 4352 habituris
2724 4293 2991 4351 salutem
3039 4289 3098 4349 in
3146 4289 3422 4350 omnium

865 4400 1196 4462 saluatore.
1246 4401 1423 4461 Licet
1468 4401 1581 4461 sub
1630 4402 1866 4461 honore
1913 4400 2331 4480 quorumlibet
2382 4408 2740 4460 sanctorum
2788 4399 3072 4477 impensa
3117 4396 3424 4457 beneficia

866 4510 947 4569 ad
993 4508 1209 4568 salutis
1256 4516 1468 4568 nostre
1514 4508 1901 4569 incrementa
1962 4508 2294 4568 credamus
2344 4526 2484 4567 esse
2531 4506 2828 4585 proficua,
2892 4524 2969 4565 ea
3015 4515 3245 4578 tamen,
3300 4522 3422 4582 que

864 4616 945 4677 ob
975 4614 1403 4676 reuerenciam
1451 4615 1709 4696 virginis
1741 4614 2018 4695 gloriose
2062 4615 2344 4689 facimus,
2375 4614 2778 4691 multiplicato
2823 4612 3027 4673 fructu
3056 4612 3421 4692 recolligere

863 4742 989 4782 non
1038 4722 1430 4803 ambigimus,
1480 4722 1608 4782 vita
1654 4722 1715 4782 in
1764 4722 1994 4783 celesti.
2044 4722 2312 4782 Proinde
2348 4722 2428 4782 ad
2475 4722 2907 4782 vniuersorum
2954 4719 3246 4780 noticiam
3293 4728 3422 4778 tam

864 4830 1259 4908 presencium
1305 4849 1493 4908 quam
1525 4830 1869 4890 futurorum
1917 4831 2141 4889 harum
2174 4830 2335 4891 serie
2385 4830 2670 4889 volumus
2701 4828 3046 4907 peruenire,
3093 4828 3262 4905 quod
3311 4825 3423 4884 viri

866 4936 1141 5023 religiosi
1188 4937 1413 5003 fratres
1460 4937 1809 5013 Ladislaus,
1854 4937 2214 5022 principalis
2259 4937 2520 5001 fratrum
2550 4936 2746 5001 sancti
2795 4934 2972 4997 Pauli
3017 4934 3199 5018 primi
3243 4934 3422 4997 here-
