3917 5592
794 372 924 449 256

798 596 906 647 aut
953 588 1082 649 suis
1131 590 1466 651 heredibus
1513 591 1820 652 redimere
1865 591 2152 670 poterint,
2201 600 2347 653 tunc
2396 612 2645 672 semper
2698 593 2956 653 liberam
3011 594 3355 655 redimendi

803 693 1124 755 habebunt
1169 695 1529 756 facultatem
1559 716 1673 776 pro
1707 717 1953 758 summa
1982 698 2247 777 pecunie
2278 707 2625 777 prenotata,
2672 700 2792 761 hoc
2824 720 3139 779 expreSSO,
3186 704 3355 781 quod

793 800 1123 861 molliciem
1189 804 1357 883 wlgo
1421 805 1676 863 mekota
1737 804 1987 879 dictam,
2044 806 2095 865 si
2159 827 2284 885 qua
2341 806 2568 867 fuerint
2630 808 2694 866 in
2740 808 3019 886 predicto
3067 817 3348 887 tempore

793 908 1249 986 redempcionis
1297 910 1362 969 in
1407 910 1686 971 faciebus
1720 912 2026 972 dictarum
2058 913 2544 991 possessionum,
2591 914 2814 993 prefati
2846 916 3105 992 Mathey
3136 916 3353 975 Hreba

795 1024 859 1075 et
903 1016 1248 1093 Elyzabeth
1297 1025 1499 1077 mater
1545 1038 1658 1078 sua
1707 1038 1820 1079 seu
1868 1020 2143 1098 ipsorum
2191 1020 2475 1095 heredes,
2526 1040 2563 1081 a
2609 1020 2851 1099 prefato
2900 1021 3177 1103 Georgio
3224 1024 3350 1083 filio

792 1122 939 1183 dicti
984 1123 1194 1203 Egidii
1257 1133 1364 1185 aut
1426 1125 1555 1185 suis
1618 1126 1952 1187 heredibus
2024 1127 2269 1187 auferre
2338 1147 2462 1188 non
2532 1128 2773 1207 possint
2832 1130 3020 1189 modo
3083 1130 3348 1208 aliquali,

795 1239 1280 1309 assumpuerunt
1325 1232 1758 1292 nichilominus
1805 1233 2065 1311 predicti
2111 1234 2458 1311 Elyzabeth
2504 1243 2705 1294 mater
2738 1243 2800 1294 et
2846 1236 3087 1296 Mathei
3132 1237 3348 1297 Hreba

787 1337 949 1397 filius
996 1358 1165 1412 suuS,
1212 1340 1557 1417 predictum
1607 1340 1954 1420 Georgium
2004 1348 2067 1401 et
2089 1359 2273 1420 suos·
2308 1341 2573 1401 heredes
2620 1341 2684 1400 in
2713 1341 2987 1402 dominio
3034 1342 3339 1402 dictarum

787 1445 1256 1523 possessionum
1304 1446 1922 1527 inpignoraticiarum
1972 1466 2169 1526 usque
2219 1450 2301 1508 ad
2346 1447 2692 1526 predictum
2760 1457 3005 1527 tempus
3058 1450 3343 1528 redemp-

787 1552 980 1613 cionis
1029 1573 1264 1627 earum,
1312 1563 1530 1615 contra
1577 1555 1879 1634 quoslicet
1924 1556 2280 1636 illegitimos
2327 1556 2711 1634 impetitores
2758 1556 2935 1631 tueri,
2970 1557 3248 1635 expediri
3280 1566 3343 1617 et

787 1660 1116 1723 defensare
1162 1663 1428 1741 propriis
1477 1681 1696 1723 eorum
1742 1663 2058 1722 laboribus
2108 1682 2176 1723 es
2226 1662 2516 1742 expensis
2578 1665 2802 1723 harum
2854 1672 3211 1724 nostrarum
3259 1664 3344 1724 vi-

788 1787 944 1847 gore
991 1777 1054 1828 et
1097 1769 1452 1829 testimonio
1499 1770 1816 1829 literarum
1862 1770 2195 1830 mediante.
2244 1770 2478 1829 Datum
2507 1769 2839 1850 Zagrabie,
2878 1770 3034 1831 teria
3065 1772 3344 1831 secunda

789 1876 1074 1954 proxima
1138 1884 1282 1937 ante
1343 1877 1572 1937 festum
1633 1877 1832 1937 sancti
1900 1877 2071 1957 regis
2140 1878 2459 1957 Stephani,
2530 1896 2693 1962 anno
2742 1876 2973 1937 domini
3018 1878 3344 1938 millesimo

783 1984 1401 2065 quadringentesimo
1448 1984 1762 2044 tricesimo
1808 2003 1991 2045 non0.

997 2103 1280 2175 originale
1344 2106 1720 2175 chartaceum,
1778 2122 1814 2160 a
1868 2110 2025 2175 tergo
2084 2107 2458 2175 fragmentum
2517 2106 2771 2175 appressi
2828 2106 3011 2175 sigilli.
3076 2108 3124 2161 A
3180 2110 3335 2174 tergo

767 2196 1100 2250 annotatio:
1150 2195 1404 2263 ,Georgii
1443 2196 1698 2265 supani.“
1758 2197 1819 2249 In
1869 2195 2104 2250 archivo
2158 2211 2375 2265 regnor.
2417 2195 2472 2251 C.
2514 2194 2569 2249 S.
2610 2200 2665 2250 et
2701 2196 2769 2250 D.-
2813 2196 3151 2265 Zagrabiae:
3202 2196 3339 2250 Doc.

767 2283 952 2337 medii
991 2284 1121 2338 aevi
1161 2300 1211 2338 a.
1253 2282 1408 2339 1439.

995 2462 1011 2493 ¹
1050 2462 1147 2517 sic.

1947 2695 2163 2766 24³.

983 2895 1165 2954 Anno
1223 2894 1406 2955 1440.
1457 2894 1512 2955 9.
1563 2896 1725 2955 maii.
1773 2897 2144 2975 Zagrabiae.

781 3088 1034 3151 Coram
1104 3087 1410 3152 Fabiano
1463 3088 1626 3173 filio
1692 3090 2061 3157 Michaelis
2125 3092 2207 3156 de
2268 3092 2510 3176 Super.
2578 3094 3025 3177 Lompnicza,
3089 3095 3336 3157 comite

769 3195 1086 3258 terrestri
1137 3196 1384 3279 Campi
1424 3196 1938 3280 Zagrabiensi8‚
1980 3198 2385 3282 Gregorizw,
2418 3204 2481 3264 et
2516 3200 2781 3264 Paulus
2802 3200 2955 3283 filii
2990 3200 3335 3264 Damiani

767 3302 848 3365 de
895 3301 1106 3387 Infer.
1156 3302 1601 3386 Lompnicza‚
1637 3308 1893 3369 terram
1939 3328 2143 3369 suam
2195 3307 2271 3370 in
2318 3308 2521 3372 litore
2576 3307 2805 3372 odrae
2850 3310 3082 3383 sitam,
3132 3309 3333 3393 quin-

775 3429 904 3493 que
949 3408 1255 3493 florenis
1331 3410 1744 3475 Valentinno
1779 3411 1943 3495 filio
1990 3412 2341 3496 Stephani,
2390 3413 2573 3477 dicto
2621 3412 3033 3498 Fabianyclz,
3086 3416 3334 3499 impig-

1915 3524 2187 3583 norant.

982 3716 1114 3774 Nos
1161 3716 1480 3775 Fabianus
1547 3716 1708 3776 filius
1771 3717 2099 3777 Michaelis
2166 3719 2243 3779 de
2312 3720 2629 3797 Superiori
2688 3722 3067 3799 Lompnicza
3115 3740 3327 3782 comes

766 3822 1076 3881 terrestris
1125 3822 1351 3901 Campi
1399 3824 1846 3903 Zagrabiensis
1894 3826 2195 3885 memorie
2245 3828 2759 3888 commendamus
2823 3848 2936 3906 per
2981 3836 3324 3906 presenteS,

766 3930 934 4007 quod
981 3929 1326 4008 Gregorius
1376 3938 1437 3989 et
1483 3931 1715 3991 Paulus
1777 3931 1885 3991 filii
1950 3933 2240 3992 Damiani
2302 3935 2381 3994 de
2447 3935 2726 3994 Inferiori
2773 3936 3168 4014 Lompnicza‚
3219 3956 3328 3995 no·

767 4037 923 4097 biles
957 4037 1100 4097 dicti
1135 4038 1362 4116 Campi
1393 4038 1858 4119 ZagrabiensiS,
1910 4042 1991 4100 ad
2037 4049 2319 4101 nostram
2366 4043 2777 4120 personaliter
2826 4042 3135 4103 veniendo
3183 4063 3322 4121 pre-

767 4144 1043 4204 senciam
1075 4145 1344 4205 confessi
1377 4153 1521 4205 sunt
1552 4146 1614 4206 in
1646 4148 1811 4206 hunc
1859 4148 2130 4223 modum,
2182 4158 2248 4207 ut
2293 4150 2411 4227 ipsi
2459 4151 2779 4229 quandam
2826 4158 3057 4209 terram
3107 4170 3323 4209 eorum

769 4250 1065 4312 arabilem
1126 4252 1188 4311 in
1248 4252 1450 4312 littore
1517 4252 1707 4327 Odre,
1771 4254 1930 4314 inter
2000 4264 2199 4314 terras
2263 4257 2505 4315 Thome
2571 4265 2632 4316 et
2696 4257 2996 4333 Stephani
3058 4256 3323 4317 filiorum

763 4358 1053 4418 Iohannis
1085 4354 1188 4419 filii
1217 4360 1494 4420 Lectoris
1528 4368 1591 4420 et
1621 4362 1862 4420 Thome
1896 4362 2002 4421 filii
2034 4362 2212 4421 Pauli
2261 4363 2368 4422 filii
2416 4364 2561 4423 dicti
2612 4363 2888 4423 Lectoris
2939 4364 3015 4423 ab
3066 4365 3321 4439 oriente,

769 4474 831 4525 et
879 4466 957 4524 ab
1007 4466 1330 4526 occidente
1389 4468 1548 4527 inter
1609 4476 1840 4527 terram
1905 4470 2241 4529 liberorum
2290 4490 2319 4528 s
2370 4517 2821 4531 ........
2871 4492 2933 4531 m
2996 4474 3318 4533 Benedicti

763 4572 872 4632 filii
941 4574 1181 4633 Nicolai
1245 4576 1323 4635 de
1388 4576 1554 4635 dicta
1622 4577 1940 4655 Superiori
2012 4578 2393 4655 Lompnicza
2458 4578 2736 4638 habitam
2806 4588 2868 4639 et
2934 4581 3318 4653 existentem,

764 4681 1121 4759 d[uodecim
1169 4683 1614 4761 dim]ensiones
1662 4686 1830 4765 wlgo
1877 4687 2093 4762 methy
2157 4686 2355 4745 dictas
2404 4688 2465 4745 in
2512 4707 2581 4746 se
2643 4686 3079 4761 continentem,
3139 4689 3320 4747 simul

764 4808 907 4849 cum
957 4790 1244 4850 omnibus
1309 4792 1592 4852 eiusdem
1653 4800 1818 4853 terre
1881 4793 2131 4853 arabilis
2199 4794 2529 4853 duodecim
2592 4794 3047 4854 dimensionum
3108 4796 3321 4871 methy

767 4896 1070 4957 dictarum
1119 4898 1500 4973 utilitatibus,
1533 4898 1767 4974 usibus,
1795 4900 2218 4978 proventibuS,
2254 4900 2802 4975 fructuositatibus,
2838 4908 2900 4960 et
2924 4901 3321 4979 pertinenciis
