3917 5592
3017 445 3146 507 223

1760 718 1988 815 231.

794 917 981 981 Anno
1038 918 1222 981 1428.
1253 918 1375 1020 ⁴20.
1418 920 1569 997 jum.

583 1112 989 1197 Capitulum
1035 1113 1357 1177 ecclesiae
1400 1110 1901 1197 Zagrabiensis
1940 1111 2448 1195 possessionem
2509 1110 2910 1175 kaawech-
2951 1109 3140 1174 nobi-

554 1218 761 1285 ·libus
832 1218 1123 1305 Myxych
1186 1223 1252 1284 et
1312 1217 1861 1303 Zthanylowych‚
1914 1218 2402 1303 generationis
2448 1216 2734 1295 Levcha,
2778 1218 3034 1282 statuit
3077 1220 3142 1282 et
3219 1290 3226 1297 ,

840 1370 845 1375 -
1344 1329 1564 1391 metas
1608 1326 1919 1391 eiusdem
1968 1324 2375 1391 reambulat.

790 1525 1153 1605 Capitulum
1200 1525 1463 1585 ecclesie
1533 1524 1981 1605 Zagrabiensis
2028 1524 2316 1585 omnibus
2363 1522 2601 1584 Christi
2659 1524 2948 1585 fidelibus
2996 1542 3134 1603 pre-

573 1634 855 1695 sentibus
902 1641 965 1693 et
1008 1633 1231 1693 futuris
1279 1632 1674 1711 presencium
1721 1632 2016 1693 noticiam
2083 1630 2386 1715 habituris
2434 1632 2700 1692 salutem
2746 1632 2809 1691 in
2855 1631 3132 1693 omnium

572 1743 902 1803 saluatore.
950 1740 1265 1823 Quoniam
1314 1740 1565 1800 unicum
1614 1748 1709 1799 est
1754 1738 2082 1799 oblivionis
2116 1737 2479 1813 remedium,
2527 1737 2762 1799 scilicet
2808 1739 3135 1819 scriptura,

570 1869 692 1930 que
740 1848 1063 1909 calumniis
1126 1847 1309 1907 infert
1376 1847 1697 1908 silencium
1744 1855 1807 1907 et
1852 1847 2110 1909 modum
2174 1845 2442 1925 explicat
2506 1846 2947 1921 contencioniS,
3010 1866 3129 1920 sua

570 1956 731 2017 serie
759 1954 1153 2035 presentibus
1200 1963 1263 2014 et
1306 1954 1527 2014 futuris
1562 1954 1829 2033 loquitur
1876 1954 2236 2028 veritatem3
2283 1953 2544 2033 proinde
2578 1954 2660 2015 ad
2691 1954 3126 2015 universorum

567 2075 699 2125 tam
745 2061 1137 2143 presencium
1186 2082 1377 2140 quam
1438 2061 1785 2122 futurorum
1834 2061 2128 2121 noticiam
2174 2061 2396 2121 harum
2444 2059 2605 2121 serie
2656 2062 2942 2121 volumus
2987 2082 3128 2140 per-

567 2171 800 2245 venire,
866 2171 1034 2250 quod
1078 2189 1194 2229 nos
1241 2169 1477 2231 litteras
1538 2168 1918 2229 serenissimi
1994 2168 2505 2249 inclytissimique
2567 2168 2860 2251 principis
2907 2178 2970 2229 et
3015 2169 3123 2231 do·

566 2278 716 2338 mini
764 2276 997 2342 domini
1028 2276 1416 2357 Sigismundi
1461 2276 1562 2337 dei
1609 2276 1826 2356 gracia
1857 2278 2280 2338 Romanorum
2331 2276 2499 2357 regis
2555 2295 2805 2354 semper
2851 2276 3122 2357 Augusti

566 2405 641 2447 ac
686 2384 1030 2466 Hungarie,
1098 2384 1415 2459 Bohemie,
1482 2383 1823 2457 Dalmacie,
1888 2383 2156 2445 Croaeie
2203 2392 2319 2444 etc.
2369 2384 2555 2459 regiS,
2617 2384 3122 2463 marchionisque

564 2492 1212 2572 Brandemburgensis
1260 2500 1375 2553 etc.
1422 2492 1655 2553 domini
1700 2491 1896 2551 nostri
1947 2491 2396 2572 graciosissimi
2442 2490 2958 2551 reambulatorias
2993 2510 3123 2551 me-

562 2610 767 2667 tarum
815 2608 877 2660 et
923 2600 1283 2660 statutorias
1328 2599 1511 2659 nobis
1557 2599 1946 2677 preceptorie
2013 2600 2341 2677 loquentes
2390 2607 2452 2659 et
2498 2599 2786 2673 directas,
2849 2619 2992 2660 cum
3033 2606 3120 2659 'ea

562 2728 687 2788 qua
733 2708 941 2769 decuit
986 2707 1347 2768 reverencia
1394 2716 1457 2767 et
1501 2706 1867 2771 obediencia
1922 2706 2272 2785 recepimus
2317 2706 2380 2765 in
2428 2707 2544 2766 hec
2605 2707 2830 2766 verba:
2882 2707 2961 2781 (V
2985 2706 3063 2765 id
3087 2725 3122 2765 e

560 2818 728 2877 doe.
778 2835 831 2875 a.
889 2813 1071 2876 1428.
1121 2813 1223 2875 24.
1271 2834 1425 2893 apr.
1468 2816 1637 2875 sub.
1683 2815 1803 2876 No,
1852 2813 2043 2891 219.).
2091 2816 2226 2875 Nos
2271 2814 2460 2895 igitur
2494 2816 2772 2875 volentes
2805 2813 3120 2875 mandatis

560 2923 753 3002 ipsius
801 2921 1033 2982 domini
1079 2923 1273 2982 nostri
1319 2922 1505 3002 regis,
1554 2932 1621 2982 ut
1665 2931 1950 2983 tenemur
1997 2922 2270 2996 obedire,
2321 2942 2590 2982 unacum
2636 2922 2879 3000 prefato
2929 2921 3114 2981 Nico-

559 3033 662 3091 lao
706 3030 832 3091 filio
878 3028 1085 3109 Egidii
1132 3031 1229 3089 de·
1258 3031 1489 3105 Mlaka‚
1536 3030 1737 3090 iudice
1784 3029 2083 3090 nobilium
2113 3029 2443 3090 comitatus
2491 3030 2954 3110 ZagrabiensiS,
3004 3031 3114 3089 ho·

562 3138 727 3197 mine
774 3156 887 3197 sue
935 3136 1278 3197 maiestatis
1333 3137 1527 3219 regie,
1573 3138 2002 3199 honorabilem
2048 3138 2422 3218 magistrum
2468 3139 2762 3198 Ioannem
2815 3137 3116 3197 archidia-

565 3263 792 3304 conum
841 3244 920 3303 de
966 3244 1293 3321 Kemplek,
1342 3265 1534 3304 unum
1582 3264 1657 3305 ex
1704 3245 1903 3319 nobis,
1952 3246 2192 3305 socium
2239 3245 2496 3305 scilicet.
2521 3254 2582 3304 et
2629 3244 3119 3305 concanonicum

562 3360 844 3410 nostrum
892 3351 972 3410 ad
1019 3351 1387 3428 premissam
1451 3354 1892 3413 execucionem
1938 3373 2055 3413 suo
2102 3354 2290 3413 modo
2358 3353 2619 3413 fideliter
2669 3353 3116 3431 peragendam,

562 3465 777 3517 nostro
823 3476 935 3535 pro
982 3458 1333 3519 testimonio
1378 3460 1925 3520 transmiseramus
1973 3461 2378 3541 fidedignum,
2440 3460 2544 3539 qui
2589 3461 2846 3519 tandem
2893 3460 3116 3520 exinde

569 3567 649 3626 ad
697 3584 812 3624 nos
865 3566 1119 3639 reversi,
1167 3565 1345 3625 nobis
1392 3568 1780 3627 concorditer
1826 3570 2170 3629 retulerunt
2215 3588 2291 3628 eo
2339 3569 2558 3628 modo:
2617 3568 2932 3646 quomodo
2978 3586 3114 3645 pre.-

562 3672 727 3732 fatus
797 3671 985 3729 homo
1049 3671 1261 3752 regius
1330 3672 1466 3750 ipso
1536 3683 1748 3734 nostro
1817 3675 2174 3736 testimonio
2248 3684 2556 3753 presente,
2605 3675 2760 3736 feria
2829 3676 3108 3735 secunda

560 3778 845 3859 proxima
900 3785 1040 3857 post
1094 3779 1322 3838 festum
1385 3780 1765 3841 visitacionis
1812 3780 2174 3844 beatissime
2239 3783 2497 3862 virginis
2553 3782 2770 3857 Marie,
2833 3782 3112 3861 proxime

560 3885 943 3965 preteritum,
1008 3887 1088 3945 ad
1148 3885 1341 3945 facies
1403 3887 1677 3966 predicte
1726 3890 2142 3966 possessionis
2211 3890 2594 3967 prefatorum
2657 3890 3112 3968 exponencium

559 3992 951 4065 hereditarie,
998 3992 1255 4052 Inferior
1302 3994 1681 4055 kaawech
1732 4005 1994 4071 vocate,-
2021 3996 2082 4056 in
2131 3998 2426 4057 comitatu
2475 4006 2538 4057 et
2584 3998 2829 4075 Campo
2877 3998 3113 4077 Zagra-

559 4100 760 4160 biensi
808 4094 1143 4173 existentiS,
1205 4123 1370 4163 nunc
1436 4104 1603 4181 apud
1665 4122 1889 4163 manus
1954 4104 2260 4165 dictorum
2331 4105 2782 4183 exponencium
2853 4105 3112 4182 pacifice

560 4208 787 4281 habite,
836 4218 1411 4289 consequenterque
1458 4218 1763 4270 metarum
1813 4218 1874 4269 et
1921 4211 2323 4271 terminorum
2356 4212 2636 4271 eiusdem
2683 4212 3112 4290 possessionis,

562 4315 883 4387 universiS,
932 4323 995 4375 et
1040 4316 1362 4396 signanter
1408 4318 1713 4378 nobilibus
1776 4319 2009 4378 Ioanne
2069 4319 2193 4379 filio
2241 4320 2449 4379 Iacobi
2497 4321 2574 4379 de
2625 4320 2818 4389 Odra‚
2871 4320 3109 4380 Briccio

560 4424 637 4482 de
686 4422 1135 4496 Chemkowcz,
1186 4426 1411 4485 Ioanne
1460 4426 1745 4503 lmprych
1792 4427 1869 4485 de
1918 4427 2330 4504 lampnycza„
2359 4429 2554 4488 Paulo
2603 4447 2836 4507 magno
2885 4428 2962 4487 de
3011 4447 3113 4486 su·

558 4530 785 4608 periori
832 4532 1250 4609 Lompnycza,
1296 4534 1485 4593 Petro
1534 4542 1596 4593 et
1643 4534 1935 4594 Ladislao
2001 4533 2140 4594 filiis
2189 4535 2431 4595 Nicolai
2480 4536 2558 4594 de
2608 4536 2839 4609 Mlaka,
2905 4536 3113 4595 Blasio

558 4638 831 4697 Kobolth
864 4638 942 4697 de
973 4639 1253 4699 Inferior-i
1284 4642 1683 4719 Lompnycza
1731 4649 1793 4701 et
1838 4643 2170 4702 Valentino
2215 4642 2692 4719 Swazthowych
2759 4644 2837 4703 de
2871 4645 3114 4719 eadem,

560 4744 789 4805 Iacobo
863 4746 941 4805 de
1006 4746 1365 4823 Koznycza,
1434 4750 1664 4809 Ioanne
1713 4749 1791 4809 de
1838 4750 2156 4823 Marencz,
2227 4750 2505 4810 similiter
2551 4749 2754 4811 iudice
2816 4750 3114 4811 nobilium

558 4852 705 4913 dicti
754 4852 1085 4912 comitatus
1133 4855 1593 4934 Zagrabiensis‚
1660 4858 1869 4945 Vlrico
1916 4857 2272 4933 Kozthybol
2336 4859 2414 4917 de
2479 4858 2720 4934 Chehy,
2783 4860 3113 4935 Zthoyano

558 4962 636 5022 de
663 4960 1126 5037 Gwstinnycza
1150 4962 1469 5040 Stephano
1493 4965 1771 5025 Pedk.de
1795 4965 2115 5043 Superiori
2139 4966 2536 5042 kaawech‚
2561 4967 2792 5025 Ioanne
2819 4966 3114 5045 Trepsse,
