3917 5592
3038 494 3125 571 -73

563 716 756 784 sentis
788 716 997 803 scripti
1031 718 1376 803 patrocinio
1404 720 1469 785 in
1502 728 1873 804 perpetuum
1904 722 2137 786 vallere
2171 726 2567 803 ratificamuS,
2616 734 2812 786 totum
2844 735 3125 786 tenorem

565 832 946 910 prefatarum
1010 833 1351 893 litterarum
1426 834 1699 893 iamdicti
1756 834 1989 893 domini
2054 835 2354 895 Lodouici
2411 835 2580 915 regis
2637 836 2716 895 de
2778 834 2973 895 verbo
3044 836 3127 894 ad

565 940 827 999 verbum
893 940 956 1000 in
1015 940 1284 1001 formam
1352 942 1744 1019 presencium
1806 942 2150 1002 litterarum
2225 944 2578 1002 nostrarum
2648 943 3124 1023 priuilegialium

565 1047 894 1107 transcribi
939 1046 1245 1108 faciendo,
1323 1050 1392 1107 ln
1439 1049 1615 1109 cuius
1663 1049 1750 1109 rei
1799 1050 2163 1110 memoriam
2215 1059 2705 1129 perpetuamque
2752 1052 3124 1125 firmitatem,

567 1162 892 1232 presentes
922 1154 1346 1215 concessimus
1375 1156 1613 1215 litteras
1646 1165 1892 1216 nostras
1924 1156 2346 1236 priuilegiales
2378 1157 2705 1234 pendentis
2738 1164 2802 1217 et
2834 1158 3129 1218 autentici

564 1261 750 1341 sigilli
796 1262 990 1321 nostri
1037 1261 1378 1322 munimine
1427 1262 1770 1322 roboratas.
1849 1264 2084 1323 Datum
2128 1264 2324 1339 Bude,
2382 1264 2538 1323 feria
2583 1264 2799 1342 quinta
2842 1264 3126 1343 proxima

567 1377 710 1429 ante
754 1369 984 1429 festum
1028 1369 1199 1429 beati
1259 1369 1504 1429 Nicolai
1551 1369 1947 1445 confessoris,
2022 1390 2185 1431 anno
2234 1371 2467 1430 domini
2513 1370 2867 1445 millesim0,·
2904 1366 3125 1432 CCC0.

567 1475 1088 1557 quinquagesimo
1135 1484 1374 1554 quarto.

781 1610 1066 1681 Originale
1091 1614 1538 1670 membraneum.
1576 1616 1624 1671 A
1650 1632 1798 1670 zona
1833 1617 2049 1672 sericea
2073 1616 2271 1673 viridis
2312 1621 2367 1671 et
2404 1617 2651 1673 coerulei
2676 1618 2883 1675 coloris
2922 1592 3129 1687 pendet

567 1702 810 1771 sigillum
847 1701 994 1755 bene
1031 1707 1402 1759 asservatum.
1443 1706 1504 1758 ln
1544 1704 1778 1761 archivo
1819 1706 1990 1760 nobil.
2034 1700 2317 1762 commun.
2356 1708 2425 1761 de
2463 1706 2783 1776 Turopolje.

790 1828 800 1857 ¹
839 1828 938 1883 sic.

1608 2156 1614 2163 ,
1685 2108 1690 2111 ·
1776 2079 1918 2149 72.

776 2224 960 2284 Anno
1017 2223 1224 2286 1357.-

781 2420 1016 2481 Coram
1064 2422 1333 2502 capitulo
1381 2424 1686 2484 ecclesiae
1733 2423 2196 2504 ZagrabiensiS,
2244 2424 2405 2484 inter
2450 2425 2703 2484 Petrum
2750 2423 2944 2485 filium
2988 2424 3125 2484 Ste-

564 2529 756 2606 phani
803 2530 881 2589 ab
931 2549 1074 2604 una,
1119 2538 1298 2609 parte
1346 2550 1497 2591 vero
1546 2531 1624 2591 ab
1674 2532 1865 2591 altere
1913 2532 2041 2593 lvk
2071 2539 2134 2591 et
2178 2531 2321 2591 Ivsa
2366 2531 2527 2590 filios
2558 2530 2837 2591 Dobrani
2883 2549 3126 2595 necnon

568 2637 822 2695 Petri-m
853 2637 1050 2697 filium
1080 2637 1303 2697 Erikse
1337 2638 1414 2697 de
1447 2656 1684 2717 genere
1731 2638 1999 2698 condam
2028 2638 2414 2713 Chernoslai,
2462 2637 2739 2697 omnium
2770 2638 2848 2697 de
2880 2620 3126 2715 Campo

569 2741 998 2823 Zagrabiensi,
1046 2745 1284 2805 ratione
1331 2745 1746 2823 possessionis
1781 2730 2194 2806 Crnoslavdol
2239 2746 2424 2807 initus
2453 2744 2708 2824 quidam
2754 2746 3125 2811 contractus,

779 2883 989 2937 Mentio
1027 2882 1196 2937 huius
1257 2884 1580 2937 documenti
1621 2884 1780 2938 iuxta
1819 2882 2043 2954 copiam
2102 2883 2355 2939 eiusdem
2392 2901 2496 2953 per
2537 2884 2823 2953 quondam
2864 2882 3127 2938 Carolum

565 2972 720 3040 Jagic
756 2972 1251 3041 communicatam,
1291 2972 1351 3025 in
1390 2988 1561 3042 opere
1613 2974 1771 3027 Alex.
1809 2973 2270 3042 Bresztyenszky,
2329 2972 2864 3043 Pravno·povjestni
2902 2971 3129 3041 podatci

568 3077 601 3114 o
641 3061 962 3131 Turopolju.
1009 3079 1058 3131 p.
1085 3062 1174 3117 57.
1213 3060 1497 3131 Origlnale
1537 3062 1708 3117 huius
1747 3062 2088 3129 documenti,
2126 3064 2295 3130 prout
2319 3061 2485 3115 nobis
2524 3062 2675 3115 adm.
2711 3076 2829 3117 rev.
2868 3060 3134 3125 dominus

565 3150 896 3205 Franciscus
946 3149 1174 3205 Peterca
1229 3153 1515 3220 parochus
1563 3151 1622 3205 in
1669 3151 1870 3205 Velika
1909 3150 2115 3205 Gorica
2168 3150 2373 3219 retulit,
2431 3150 2831 3205 asservabatur
2884 3150 3023 3204 olim
3076 3150 3133 3202 in

565 3240 707 3293 cista
763 3239 1186 3294 csmmunitatis
1237 3240 1547 3295 Dubranec.
1626 3242 1886 3309 Quonam
1927 3240 2171 3309 devenit,
2228 3240 2461 3294 minime
2511 3240 2718 3297 rescire
2764 3245 2862 3294 aut
2908 3238 3132 3307 copiam

566 3328 780 3382 domini
819 3329 1106 3397 quondam
1143 3330 1297 3399 sagic
1332 3331 1502 3399 potiri
1541 3330 1850 3399 potuimus.

1775 3614 1918 3684 73.

781 3778 964 3838 Anno
1022 3776 1205 3839 1360.
1255 3779 1357 3840 20.
1408 3777 1572 3839 iunii.

575 3970 827 4035 Coram
894 3962 1198 4054 capitulo
1265 3970 1585 4035 ecclesiae
1631 3971 2151 4054 Zagrabiensis‚
2234 3972 2455 4056 Taysa
2514 3970 2723 4055 filius
2778 3970 3009 4035 Iacobi
3053 3971 3135 4036 de

570 4076 968 4156 Moroucha,
1007 4078 1512 4161 possessionem
1543 4099 1766 4155 suam,
1815 4079 2107 4143 condam
2153 4080 2495 4143 sessiones
2542 4078 2746 4143 Eliae
2789 4100 2872 4143 ac
2916 4079 3129 4144 medi-

572 4188 818 4249 etatem
858 4184 1178 4268 piscinae
1241 4184 1575 4249 Skerchae
1618 4189 1912 4266 vocatae,
1976 4187 2055 4249 in
2106 4184 2364 4270 Campo
2432 4185 2893 4267 Zagrabiensi
2937 4188 3134 4263 sita-9,

566 4292 870 4377 quinque
936 4294 1202 4355 marcis
1261 4290 1452 4375 filiis
1520 4291 1790 4357 Chernk
1849 4292 1930 4357 de
2003 4292 2260 4377 Campo
2329 4292 2807 4378 Zagrabiensi,
2876 4293 3131 4357 vendit.

781 4490 913 4551 Nos
985 4490 1322 4569 capitulum
1395 4491 1657 4551 ecclesie
1734 4492 2181 4571 Zagrabiensis
2252 4492 2551 4551 memorie
2621 4492 3132 4551 commendantes

563 4608 782 4657 tenore
829 4597 1223 4675 presencium
1271 4598 1699 4677 significamus
1746 4599 1972 4677 quibus
2022 4599 2271 4677 expedit
2318 4598 2640 4673 vniuersiS‚
2704 4599 2872 4676 quod
2920 4600 3131 4675 Taysa

563 4704 728 4764 filius
774 4702 984 4763 Iacobi
1030 4703 1108 4763 de
1155 4704 1504 4764 Moroucha
1549 4724 1663 4783 pro
1711 4724 1779 4764 se
1828 4704 2240 4784 personaliter
2288 4713 2350 4764 et
2394 4724 2509 4783 pro
2566 4705 2895 4781 Mychaele
2940 4706 3131 4764 fratre

563 4830 682 4871 suo
729 4811 970 4871 vterino
1018 4811 1097 4871 ab
1144 4829 1272 4870 vna
1317 4820 1512 4889 parte,
1563 4812 1641 4870 ab
1692 4812 1888 4872 altera
1919 4832 2074 4872 vero
2121 4808 2412 4889 Mykech,
2462 4812 2742 4871 Thomas
2791 4819 2854 4871 et
2898 4812 3130 4871 Paulus

563 4920 672 4980 filii
735 4920 990 4980 Chernk
1037 4920 1117 4979 de
1163 4918 1410 4999 Campo
1479 4918 1895 5001 Zagrabiensi
1943 4922 2224 4981 similiter
2293 4941 2407 5000 pro
2471 4940 2539 4981 se
2598 4920 3007 4999 personaliter
3070 4928 3133 4979 et

557 5044 674 5107 pro
723 5026 966 5101 Iacobo,
1034 5026 1297 5087 Nicolao
1363 5035 1425 5087 et
1487 5029 1806 5106 Stephano
1876 5028 2168 5089 fratribus
2218 5048 2435 5088 eorum
2506 5029 2761 5088 vterinis
2810 5029 2873 5088 in
2926 5028 3120 5095 nostri
