3917 5592
763 477 768 488 “
786 465 916 531 37ss

775 686 1181 763 Lompnycza
1245 684 1494 758 dictum,
1559 682 1674 743 sub
1723 682 1880 743 silva
1943 682 2114 762 wlgo
2179 681 2323 758 Gay
2386 681 2568 755 dicta,
2631 680 2855 760 prefati
2918 680 3179 742 Dionisii
3238 680 3345 742 filii

754 791 973 870 ,ipsius
1018 791 1322 871 Stephani
1368 791 1714 868 Vynchych
1763 796 1826 850 et
1868 788 2129 849 fratrum
2178 807 2453 863 suorum,
2500 806 2693 849 unam
2738 796 2970 849 terram
3039 788 3337 850 arabilem

781 899 980 958 kaa
1027 899 1196 979 wlgo
1243 897 1490 971 dictam,
1552 897 1718 958 intra
1776 904 1977 956 terras
2038 895 2262 974 prefati
2310 896 2553 956 Thome
2612 894 2721 955 filii
2781 895 2978 975 ipsius
3038 895 3341 974 Stephani

777 1006 1123 1084 Kopozych
1175 1005 1253 1066 ab
1302 1004 1540 1065 oriente
1607 1012 1668 1063 et
1716 1023 1751 1063 a
1815 1002 2275 1080 septemtrione,
2342 1021 2418 1062 ac
2481 1002 2645 1063 intra
2700 1001 3009 1063 fossatum
3075 1020 3114 1062 a
3158 1002 3340 1062 meri-

785 1113 971 1174 dione
1019 1120 1084 1174 et
1128 1113 1208 1173 ab
1257 1111 1579 1173 occidente
1625 1109 1925 1184 habitum,
1974 1109 2159 1170 sitam
2206 1118 2269 1170 et
2314 1110 2700 1186 existentem,
2746 1118 2877 1171 tres
2924 1109 3344 1171 dimensiones

775 1220 953 1300 -wlgo
1000 1219 1213 1296 methy
1260 1218 1462 1280 dictas
1508 1218 1571 1277 in
1617 1236 1687 1278 se
1735 1217 2192 1291 continentem3
2254 1216 2404 1277 item
2450 1236 2644 1277 unum
2687 1216 2875 1278 fenile
2923 1217 2985 1277 in
3030 1216 3341 1295 pertinen-

765 1327 892 1388 ‘ciis
938 1328 1017 1388 de
1063 1327 1345 1406 predicta
1375 1327 1608 1404 Losan,
1655 1325 1817 1385 intra
1861 1323 2047 1384 fenile
2094 1324 2287 1403 ipsius
2335 1325 2579 1386 Thome
2627 1325 2706 1384 ab
2754 1324 3009 1400 oriente,
3059 1344 3134 1386 ac
3180 1324 3343 1384 intra

773 1434 1035 1496 fluvium
1081 1436 1251 1514 wlgo
1298 1435 1639 1513 Lypnycza
1701 1440 1997 1494 vocatum
2044 1452 2083 1493 a
2129 1433 2489 1508 meridione,
2538 1442 2601 1494 et
2644 1433 2806 1495 inter
2849 1434 3021 1495 viam
3068 1454 3341 1495 commu-

777 1561 924 1603 nem
973 1541 1051 1602 ab
1101 1542 1442 1616 occidente,
1492 1561 1566 1602 ac
1611 1541 1774 1601 intra
1804 1541 1991 1601 fenile
2021 1540 2284 1619 predicti
2315 1541 2629 1602 Valentini
2676 1541 2781 1602 filii
2828 1540 3021 1622 ipsius
3050 1541 3342 1603 Damiani

763 1669 818 1710 ·a
865 1649 1307 1728 septemtrione
1353 1648 1651 1723 habitum,
1700 1655 1993 1727 quattuor
2039 1666 2183 1708 cum
2229 1647 2437 1709 media
2482 1647 2868 1709 dimensione
2916 1649 3086 1730 wlgo
3129 1650 3343 1726 methy

763 1755 976 1818 -dictas
1023 1755 1088 1814 in
1135 1774 1203 1816 se
1253 1749 1707 1830 continentes⁸;
1737 1755 1904 1816 ,item
1953 1774 2143 1815 unam
2189 1763 2421 1816 terram
2480 1755 2889 1816 sessionalem
2937 1755 2999 1815 in
3045 1756 3339 1816 Ialsewcz

769 1863 938 1924 intra
984 1871 1216 1923 terram
1261 1863 1485 1941 prefati
1532 1862 1775 1922 Thome
1822 1862 1930 1922 filii
1976 1862 2171 1941 ipsius
2215 1863 2516 1941 Stephani
2564 1862 2910 1942 Kopozych
2959 1862 3037 1923 ab
3086 1862 3341 1939 oriente,

774 1991 856 2031 ac
901 1971 1062 2031 inter
1107 1971 1330 2031 silvam
1377 1989 1774 2032 communem
1823 1990 1862 2031 a
1906 1970 2269 2042 meridione,
2317 1977 2381 2032 et
2425 1971 2587 2032 intra
2648 1979 2881 2032 terram
2928 1971 3337 2032 sessionalem

785 2079 1035 2139 domine
1081 2079 1326 2154 Vrsule,
1372 2078 1496 2139 filie
1544 2079 1810 2139 condam
1858 2078 2196 2139 Lowrandi
2243 2079 2321 2140 de
2370 2078 2535 2139 dicta
2581 2080 2793 2139 Losan
2855 2078 2933 2139 ab
3000 2079 3341 2153 occidente,

763 2205 856 2249 ‚ac
903 2185 1065 2246 intra
1110 2185 1370 2246 fluvium
1415 2187 1755 2266 Lypnycza
1796 2185 2029 2247 dictum
2078 2205 2117 2246 a
2163 2185 2605 2266 septemtrione
2638 2186 2917 2246 habitam
2964 2193 3028 2247 et
3073 2185 3338 2246 existen-

783 2302 943 2369 tem3
991 2294 1054 2354 in
1101 2294 1260 2354 silva
1304 2295 1474 2375 wlgo
1521 2294 1840 2355 Dobrawa
1887 2293 2055 2354 dicta
2086 2313 2277 2354 unum
2308 2293 2511 2369 fenile,
2559 2295 2719 2355 inter
2764 2302 2997 2355 metam
3042 2293 3339 2354 nobilium

761 2402 853 2462 de
900 2401 1218 2480 Superiori
1264 2401 1668 2480 Lompnycza
1714 2403 1882 2483 wlgo
1945 2402 2295 2480 Lythwych
2342 2401 2591 2477 dictum,
2640 2403 2720 2462 ab
2768 2402 3023 2478 oriente,
3070 2410 3134 2462 et
3179 2403 3339 2462 intra

762 2505 958 2573 fenile
1005 2508 1268 2587 predicti
1313 2509 1555 2569 Thome
1601 2509 1711 2569 filii
1757 2509 1950 2588 ipsius
2016 2509 2319 2588 Stephani
2380 2509 2725 2589 Kopozych
2772 2529 2811 2569 a
2856 2509 3215 2584 meridione‚
3264 2528 3338 2570 ac

769 2617 938 2676 intra
985 2616 1170 2677 fenile
1217 2617 1394 2677 Pauli
1461 2617 1608 2678 dicti
1670 2617 2017 2694 Lyubnych
2084 2617 2163 2678 ab
2227 2616 2567 2693 occidente,
2615 2627 2679 2678 et
2723 2617 2885 2678 intra
2943 2617 3153 2678 senilia
3198 2637 3335 2697 pre-

781 2722 1087 2784 dictorum
1135 2723 1397 2783 Dionisii
1443 2723 1551 2784 filii
1596 2722 1792 2802 ipsius
1837 2723 2142 2802 Stephani
2173 2724 2547 2801 Wynchych
2594 2733 2658 2784 et
2703 2725 2945 2785 Thome
2993 2726 3337 2804 Kopozych

767 2849 856 2892 ac
904 2829 1216 2890 Valentini
1261 2829 1803 2907 Domiankowych
1849 2849 1888 2891 a
1934 2831 2379 2909 septemtrione
2410 2831 2724 2906 habitum;
2772 2832 2921 2893 item
2968 2851 3157 2893 unam
3206 2850 3335 2892 ses-

779 2937 1018 3000 sionem
1065 2936 1128 2996 in
1173 2946 1386 2998 monte
1432 2937 1815 2998 Markwsew
1843 2937 2015 2998 Verh
2063 2945 2304 3013 vocat0,
2337 2938 2496 3000 intra
2543 2947 2775 3000 terram
2823 2985 3334 3002 .........

781 3045 858 3107 ab
907 3044 1164 3118 oriente,
1213 3053 1274 3104 et
1320 3045 1482 3105 intra
1527 3045 1778 3105 vineam
1845 3047 2203 3106 censualem
2251 3046 2429 3106 Pauli
2494 3047 2843 3124 Iordanych
2892 3067 2931 3108 a
2976 3047 3335 3123 meridione,

751 3155 854 3212 ‘ac
901 3151 1062 3212 intra
1109 3151 1456 3214 sessionem
1503 3161 1565 3213 et
1611 3152 1858 3213 vineam
1892 3153 2151 3236 predicti
2185 3154 2427 3214 Thome
2459 3153 2805 3235 Kopozych
2852 3154 2997 3215 dicti
3045 3156 3123 3215 ab
3172 3154 3333 3216 occi-

777 3260 981 3334 dente,
1031 3267 1094 3320 et
1138 3259 1300 3320 intra
1348 3245 1570 3320 silvam
1601 3279 1997 3322 communem
2047 3280 2086 3321 a
2130 3261 2574 3340 septemtrione
2606 3261 2904 3337 habitam,
2952 3281 3063 3323 sex
3096 3263 3334 3324 dimen-

777 3365 988 3427 sianes
1049 3366 1218 3446 wlgo
1280 3367 1494 3444 methy
1558 3367 1756 3429 dictas
1804 3369 1865 3427 in
1913 3387 1983 3428 se
2031 3368 2481 3445 continentem3
2549 3369 2697 3430 item
2742 3369 2807 3430 in
2854 3371 3078 3430 eodem
3124 3379 3334 3431 monte

778 3493 969 3538 unam
1015 3473 1264 3536 vineam
1312 3475 1476 3535 intra
1521 3474 1771 3536 vineam
1818 3476 2079 3554 predicti
2142 3477 2456 3537 Valentini
2501 3476 3041 3555 Domiankowych
3088 3477 3168 3538 ab
3216 3478 3333 3538 ori-

775 3588 934 3655 ente,
983 3589 1046 3642 et
1090 3581 1254 3642 intra
1281 3581 1450 3643 viam
1483 3602 1877 3644 communem
1926 3602 1966 3644 a
2011 3583 2371 3659 meridione,
2420 3603 2496 3646 ac
2541 3585 2703 3645 intra
2736 3584 2985 3645 vineam
3017 3586 3333 3646 desertam

771 3688 967 3766 ipsius
1030 3689 1272 3750 Thome
1337 3690 1682 3768 Kopozych
1746 3690 1824 3751 ab
1873 3691 2215 3766 occidente,
2277 3700 2340 3753 et
2400 3691 2563 3754 intra
2624 3691 2792 3753 viam
2853 3711 3249 3754 communem
3297 3711 3335 3753 a

771 3797 1214 3874 septemtrione
1246 3797 1447 3871 sitam,
1482 3798 1700 3878 viginti
1732 3807 2027 3879 quattuor
2051 3799 2471 3862 dimensiones
2505 3802 2676 3881 wlgo
2706 3801 3071 3879 wdylnycze
3135 3801 3333 3862 dictas

773 3903 834 3963 in
883 3922 952 3964 se
1001 3903 1446 3978 continentem;
1497 3904 1644 3966 item
1677 3925 1870 3967 unum
1916 3906 2102 3968 fenile
2138 3907 2297 3968 inter
2341 3908 2500 3968 duas
2547 3909 2760 3982 valles,
2807 3927 2999 3969 unam
3046 3909 3125 3968 ab
3173 3908 3332 3969 occi-

773 4011 977 4086 dente,
1026 4021 1088 4073 et
1135 4013 1320 4073 aliam
1382 4012 1459 4073 ab
1508 4014 1745 4075 oriente
1803 4015 1978 4090 sitaS,
2037 4035 2113 4076 ac
2172 4016 2336 4077 intra
2393 4015 2561 4078 viam
2622 4036 3017 4078 communem
3066 4037 3105 4077 a
3152 4017 3332 4078 meri·

773 4119 976 4195 dione,
1025 4128 1089 4181 et
1151 4120 1314 4182 intra
1373 4123 1633 4182 fluvium
1695 4124 2107 4202 Zepethnyak
2153 4125 2386 4186 dictum
2435 4145 2473 4185 a
2520 4125 2960 4204 septemtrione
3020 4125 3333 4200 habitum;

781 4226 926 4290 item
975 4228 1038 4289 in
1085 4229 1382 4306 Hrechyn
1429 4250 1618 4292 unam
1665 4232 2029 4308 sessionem,
2078 4233 2240 4295 intra
2284 4234 2630 4294 sessionem
2676 4233 2871 4313 ipsius
2919 4236 3161 4295 Thome
3207 4235 3333 4294 Ko-

776 4337 1022 4414 pozych
1071 4336 1148 4397 ab
1198 4337 1453 4414 oriente,
1502 4347 1564 4399 et
1609 4339 1772 4400 intra
1815 4340 2076 4401 fluvium
2144 4343 2439 4419 Hrechyn
2488 4342 2719 4402 dictum
2769 4362 2808 4403 a
2852 4342 3212 4417 meridione,
3262 4361 3337 4404 ac

780 4444 943 4504 intra
988 4445 1334 4506 sessionem
1381 4446 1642 4525 predicti
1686 4447 2044 4509 Sebastiani
2090 4448 2170 4510 ab
2218 4449 2559 4524 occidente,
2608 4457 2671 4509 et
2714 4448 2876 4510 intra
2914 4450 3136 4510 silvam
3169 4469 3333 4510 com-

775 4571 1028 4613 munem
1076 4573 1116 4613 a
1161 4555 1603 4633 septemtrione
1652 4555 1852 4630 sitam,
1902 4558 2062 4617 duas
2110 4577 2251 4618 cum
2301 4558 2510 4618 media
2572 4556 2995 4618 dimensiones
3058 4557 3329 4618 maiores

783 4661 997 4738 methy
1046 4662 1264 4737 dictaS,
1313 4671 1376 4723 et
1421 4683 1648 4724 novem
1697 4663 1969 4725 minores
2018 4665 2439 4726 dimensiones
2498 4666 2863 4743 wdylnycze
2910 4665 3109 4726 dictas
3156 4664 3218 4725 in
3265 4685 3333 4726 se

776 4769 1228 4842 continentem;
1278 4770 1426 4830 item
1473 4779 1636 4832 retro
1685 4773 2017 4834 ecclesiam
2046 4782 2262 4835 sancte
2294 4773 2636 4834 Katherine
2669 4793 2860 4836 unam
2906 4782 3140 4835 terram
3190 4793 3325 4834 ara-

769 4875 975 4950 bilem,
1023 4876 1184 4938 intra
1231 4897 1420 4939 unam
1468 4880 1694 4940 vallem
1741 4880 1822 4940 ab
1885 4881 2141 4954 oriente,
2189 4888 2252 4941 et
2298 4880 2457 4940 inter
2502 4888 2733 4940 terram
2781 4880 3041 4959 predicti
3090 4881 3333 4941 Thome

767 4985 1110 5063 Kopozych
1181 5006 1218 5045 a
1281 4985 1642 5061 meridione,
1709 5007 1784 5048 ae
1849 4987 2011 5049 intra
2059 4987 2223 5048 viam
2290 5007 2685 5049 communem
2748 4987 2828 5049 ab
2876 4988 3219 5062 occidente,
3267 4995 3331 5047 et
