3917 5592
819 439 899 501 18

2033 655 2174 723 15.

1027 837 1212 897 Anno
1269 835 1452 897 1265.
1503 845 1649 897 ante
1698 836 1801 897 25.
1850 837 2017 896 diem
2062 837 2374 897 februarii.

820 1032 1112 1097 Coram·
1143 1032 1447 1117 capitulo
1509 1029 1989 1117 Zagrabiensi,
2057 1030 2332 1095 Mikula
2388 1030 2597 1115 filius
2666 1030 2948 1095 Nicolai
3029 1029 3379 1115 quandam

813 1143 1078 1205 terram
1144 1160 1349 1205 suam
1419 1132 1499 1205 in
1567 1138 1887 1205 Herchen
1957 1138 2297 1204 Miroslao
2356 1138 2518 1223 filio
2588 1136 2923 1222 Stephani
2970 1134 3071 1202 'de
3135 1157 3381 1223 genere

1351 1247 1608 1326 Endre,
1653 1246 1922 1331 viginti
1961 1247 2266 1333 quinque
2304 1246 2546 1331 pensis
2589 1245 2843 1311 vendit.

1030 1447 1391 1525 Capitulum
1422 1446 1868 1528 Zagrabiensis
1904 1446 2168 1507 ecclesie
2201 1447 2489 1507 omnibus
2520 1466 2781 1526 presens
2811 1446 3109 1525 scriptum
3138 1447 3377 1524 inspee-

813 1556 966 1614 turis
1014 1557 1280 1615 salutem
1328 1556 1390 1614 in
1441 1554 1708 1615 domino,
1801 1555 1903 1615 Ad
1951 1554 2388 1614 vniuersorum
2435 1554 2728 1615 noticiam
2790 1556 3013 1614 harum
3061 1554 3222 1614 serie
3268 1572 3375 1612 uo-

814 1664 1017 1723 lumus
1064 1663 1410 1741 peruenire,
1481 1664 1650 1741 quod
1712 1662 2062 1723 constitutis
2108 1662 2172 1721 in
2219 1671 2435 1722 nostra
2506 1662 2834 1741 presencia
2881 1662 2959 1722 ab
3008 1681 3135 1721 una
3203 1670 3377 1739 parte

814 1770 1050 1831 Micula
1093 1770 1219 1830 filio
1289 1770 1553 1847 Nycolai
1601 1778 1664 1829 et
1711 1771 1789 1829 ab
1857 1772 2055 1830 altera
2122 1770 2427 1830 Mirozlao
2474 1771 2600 1830 filio
2669 1770 2971 1848 Stephani
3019 1771 3097 1830 de
3144 1788 3378 1849 genere

813 1878 1041 1950 Endre‚
1112 1876 1279 1938 idem
1326 1878 1560 1936 Micula
1607 1877 1685 1937 de
1732 1885 1911 1956 parte
1981 1876 2187 1955 ipsum
2234 1877 2297 1937 in
2344 1876 2639 1937 Herchen
2700 1877 3099 1957 contingente
3148 1884 3378 1935 terram

817 1986 896 2045 ad
945 1985 1164 2065 viginti
1237 1985 1509 2063 quinque
1557 1994 1834 2045 wereten
1904 1985 2089 2044 sitam
2135 1985 2307 2045 iuxta
2354 1986 2853 2062 Scynamlacam‚
2902 1984 3225 2044 confessus
3284 1991 3379 2043 est

817 2112 886 2152 se
935 2070 1324 2153 vendidisse·
1339 2094 1616 2171 predicto
1665 2093 1969 2152 Mirozlao
2018 2100 2079 2152 et
2126 2112 2238 2171 per
2301 2112 2445 2153 eum
2493 2094 2622 2153 suis
2668 2093 3003 2153 heredibus
3048 2093 3378 2152 heredum-

818 2220 938 2279 que
1010 2200 1480 2263 successoribus
1549 2202 1682 2260 iure
1751 2210 2054 2279 perpetuo
2125 2202 2568 2278 possidendam
2639 2220 2751 2279 pro
2815 2200 3035 2281 viginti
3106 2202 3377 2279 quinque

815 2308 1046 2387 pensiS,
1095 2327 1361 2386 quarum
1391 2308 1638 2389 singule
1685 2309 1958 2387 quinque
1992 2328 2188 2386 pense
2220 2328 2500 2368 marcam
2528 2316 2676 2367 tunc
2722 2308 3019 2387 temporis
3050 2308 3377 2381 faciebant,

815 2435 972 2493 quas
1020 2435 1088 2474 se
1136 2416 1289 2475 dixit
1355 2416 1433 2476 ab
1483 2418 1705 2476 eodem
1755 2417 2031 2495 plenarie
2080 2417 2410 2495 recepisse.
2504 2416 2855 2477 Astiterunt
2901 2418 3101 2477 eciam
3156 2418 3378 2477 fratres

814 2524 1152 2583 venditoris
1201 2523 1404 2584 Micus
1439 2525 1674 2585 scilicet
1721 2533 1783 2585 et
1812 2525 2169 2603 Stephanus
2200 2533 2262 2585 et
2294 2525 2745 2605 consanguinei
2793 2526 3091 2601 eiusdem,
3125 2526 3376 2586 Leuche

816 2630 1050 2691 scilicet
1098 2632 1412 2709 capitosus
1463 2641 1523 2692 et
1570 2632 1770 2712 Philip
1819 2633 1979 2692 filius
2027 2634 2261 2717 Dobsa,
2310 2633 2416 2712 qui
2461 2632 2895 2693 vendicionem
2947 2634 3180 2694 factam
3228 2654 3371 2694 con·

817 2758 1005 2797 sensu
1053 2758 1168 2801 suo
1217 2740 1595 2801 ratificantes
1630 2740 2004 2800 vnanimiter
2052 2741 2493 2818 approbarunt,
2542 2741 2662 2800 hoc
2712 2742 2971 2816 adiectO,
3021 2744 3191 2821 quod
3236 2761 3376 2819 pre-

817 2846 1019 2906 dictus
1087 2846 1428 2909 Mirozlaus
1491 2848 1866 2908 antedictam
1937 2856 2170 2908 terram
2217 2866 2334 2907 nec
2381 2867 2495 2926 per
2564 2848 3001 2909 uendicionem
3046 2868 3163 2909 nec
3232 2868 3377 2909 con·

765 2978 774 2986 ·
817 2954 1128 3013 cambium
1191 2975 1304 3015 seu
1351 2956 1764 3016 donacionem
1833 2963 1943 3015 aut
1990 2956 2109 3015 alio
2175 2957 2363 3016 modo
2434 2975 2807 3035 quocunque
2856 2975 2893 3016 a
2940 2976 3009 3016 se
3080 2958 3181 3016 uel
3249 2957 3376 3017 suis

812 3061 1146 3122 heredibus
1193 3064 1393 3141 possit
1439 3064 1730 3139 alienare,
1803 3064 1920 3124 nisi
1970 3064 2022 3123 si
2070 3065 2337 3124 eandem
2384 3064 2534 3124 velit
2596 3066 2857 3125 reddere
2906 3066 3112 3125 Micus
3160 3084 3375 3145 supra·
3430 3115 3436 3123 .

813 3170 996 3229 dicto,
1087 3172 1156 3229 In
1227 3171 1401 3230 cuius
1468 3171 1558 3232 rei
1621 3171 2044 3231 testimonium
2112 3179 2439 3249 presentes
2511 3172 2592 3231 ad
2661 3172 3031 3233 instanciam
3098 3174 3377 3252 parcium

812 3278 1182 3337 contulimus
1229 3278 1414 3359 sigilli
1459 3280 1654 3339 nostri
1710 3279 2051 3339 munimine
2099 3280 2442 3340 roboratas,
2536 3280 2767 3339 Datum
2814 3299 2927 3358 per
2973 3300 3197 3341 manus
3246 3301 3375 3340 ma·

810 3386 989 3465 gistri
1037 3386 1363 3447 Michaelis
1424 3389 1674 3448 lectoris
1721 3388 1985 3449 ecclesie
2033 3395 2261 3463 nostre,
2313 3406 2476 3447 anno
2525 3388 2603 3447 ab
2652 3388 3089 3449 incarnacione
3145 3390 3376 3450 domini

809 3487 1251 3554 M⁰.CC⁰.LX⁰.
1301 3495 1531 3573 quinto.

1021 3632 1063 3685 E
1100 3636 1453 3703 transumpto
1493 3634 1752 3703 originali
1792 3633 2034 3689 Rolandi
2074 3635 2208 3688 bani
2248 3650 2296 3689 a.
2339 3633 2494 3689 1265.
2534 3634 2619 3689 25.
2660 3636 2794 3690 febr.
2844 3637 2905 3689 In
2944 3635 3178 3690 archivo
3217 3636 3372 3704 regni

809 3720 1145 3792 Hungariae,
1184 3722 1588 3791 Budapestini:
1647 3724 1714 3779 M.
1756 3722 1819 3779 Ο.
1859 3725 1920 3779 D.
1959 3724 2017 3778 L.
2058 3723 2268 3794 39985„
2326 3724 2463 3778 olim
2502 3724 2564 3778 N.
2604 3725 2667 3778 R.
2708 3725 2772 3778 A.
2811 3724 2947 3779 fasc.
2988 3722 3107 3779 135.
3146 3723 3250 3780 No.
3288 3724 3373 3779 21.

811 3838 878 3851 -
917 3810 1264 3881 Kukuljeviss
1323 3811 1580 3883 Regesta.
1620 3813 1722 3868 No,
1759 3812 1882 3869 887.

2025 4098 2167 4169 16.

1025 4281 1208 4340 Anno
1266 4278 1448 4341 1265.
1500 4280 1602 4341 25.
1652 4280 1965 4341 februarii.
2013 4282 2081 4341 In
2130 4283 2339 4359 Selyn.

808 4456 1170 4521 Rolandus
1200 4455 1606 4522 Sclavoniae
1637 4456 1879 4535 banuS,
1925 4458 2397 4523 venditionem
2431 4461 2655 4523 terrae
2704 4458 3025 4524 Herchen
3064 4463 3194 4542 per
3236 4457 3368 4522 Mi-

805 4563 1046 4628 kulam
1119 4562 1458 4629 Miroszao
1517 4563 1681 4649 filio
1745 4563 2087 4650 Stephani
2131 4565 2214 4630 de
2249 4585 2504 4651 genere
2562 4566 2804 4631 Endre
2856 4566 3151 4653 factam,
3217 4585 3370 4629 con-

1940 4672 2230 4759 firmat.

1017 4854 1334 4913 Rolandus
1379 4854 1584 4913 banus
1632 4854 1831 4913 tocius
1901 4854 2236 4914 Sclauonie
2264 4855 2573 4914 omnibus
2627 4874 2889 4933 presens
2936 4854 3233 4933 scriptum
3282 4854 3368 4913 in-

809 4960 1112 5043 specturis
1179 4962 1446 5023 salutem
1491 4962 1554 5021 in
1602 4962 1878 5025 omnium
1926 4963 2259 5027 saluatore.
2354 4962 2808 5026 Vniuersorum
2854 4962 3080 5025 notieie
3150 4962 3371 5024 harum
