3917 5592
3023 454 3144 522 165

1766 630 1972 744 ιη’.

794 890 979 957 Anno
1038 895 1222 957 1412.
1273 894 1375 955 27.
1425 895 1645 956 martii.

586 1108 838 1175 Coram
886 1108 1189 1191 capitulo
1234 1106 1555 1173 ecclesiae
1601 1105 2120 1191 Zagrabiensis,
2154 1104 2576 1171 Franciscus
2610 1104 2821 1191 filius
2867 1105 3151 1171 Nicolai

583 1216 664 1281 de
696 1215 1107 1300 Zenthpeter
1136 1236 1293 1280 cum
1330 1214 1521 1299 filiis
1551 1214 1725 1293 suiS,
1772 1214 2207 1279 medietatem
2233 1214 2754 1298 possessionum
2803 1214 3150 1299 quondam

586 1324 909 1387 Ladislai
943 1322 1099 1407 filii
1143 1318 1505 1387 Iohannis
1529 1322 1611 1385 de
1662 1320 1864 1398 Cheh,
1896 1320 2170 1406 fratris
2213 1321 2333 1384 sui
2379 1322 2739 1405 patrueli&
2805 1322 3149 1405 magistro

585 1428 889 1494 Iohanni
918 1432 982 1493 et
1016 1428 1220 1492 Petro
1252 1427 1425 1492 bano
1454 1448 1722 1493 necnon
1761 1426 2065 1493 Iohanni
2094 1428 2407 1513 episcopo
2444 1425 3152 1513 Quinqzaeecclesiensi

920 1556 1003 1599 ac
1048 1534 1417 1619 Rodolpho‚
1454 1534 1645 1619 filiis
1690 1534 2033 1620 Rodolphz·
2079 1536 2162 1599 de
2207 1534 2485 1613 Medum,
2533 1536 2814 1600 donant.

798 1754 931 1813 Nos
1002 1752 1339 1831 capitulum
1411 1752 1674 1812 ecclesie
1744 1752 2190 1832 Zagrabiensis
2260 1752 2560 1813 memorie
2631 1754 3147 1814 commendamus

586 1870 805 1921 tenore
852 1860 1250 1939 presencium
1294 1860 1723 1940 significantes
1789 1860 2014 1939 quibus
2064 1860 2314 1938 expedit
2361 1858 2684 1935 universiS,
2747 1862 2914 1943 quod
2960 1862 3152 1921 Fran-

589 1970 791 2029 ciscus
838 1969 1000 2028 filius
1046 1968 1289 2027 Nicolai
1336 1968 1414 2027 de
1462 1968 1886 2046 Zenthpether
1931 1968 1993 2028 in
2041 1987 2157 2028 sua
2205 1987 2281 2028 ac
2335 1968 2578 2029 Nicolai
2625 1975 2687 2028 et
2735 1968 2994 2048 Georgii
3040 1969 3151 2028 fili-

588 2096 763 2136 orum
813 2094 1068 2135 suorum
1115 2076 1417 2154 personiS‚
1464 2094 1624 2135 onus
1654 2084 1717 2135 et
1748 2094 2098 2155 gravamen
2147 2077 2504 2151 eorundem,
2553 2075 2606 2135 si
2637 2076 2701 2135 in
2749 2076 3152 2153 infrascriptis

587 2192 938 2263 temporum
984 2183 1047 2243 in
1094 2202 1395 2261 processu
1440 2183 1777 2261 persistere
1825 2201 1952 2243 non
1998 2184 2245 2257 vellent,
2315 2202 2503 2261 super
2549 2202 2619 2243 se
2667 2183 3152 2261 assumpmendo

590 2291 668 2352 ab
716 2310 861 2365 una,
908 2300 1086 2370 parte
1134 2309 1285 2351 vero
1318 2291 1396 2350 ab
1429 2292 1633 2351 altera·
1671 2290 2046 2371 magnificus
2078 2291 2174 2350 vir
2206 2290 2494 2351 dominus
2542 2292 2766 2351 Petrus
2814 2310 3153 2371 regnorum

588 2398 911 2459 Dalmacie
977 2406 1042 2458 et
1108 2396 1372 2459 Croacie
1440 2397 1643 2457 banus
1690 2417 1765 2458 ac
1812 2398 2116 2479 magister
2177 2399 2486 2459 lohannes
2532 2396 2639 2457 filii
2701 2398 3028 2476 Rodolphy
3075 2399 3153 2458 de

552 2574 565 2588 ⁶
590 2506 860 2580 Medwe,
925 2504 1203 2565 similiter
1248 2506 1311 2565 in
1359 2504 1488 2565 suis
1548 2524 1794 2565 necnon
1862 2505 2190 2566 reverendi
2237 2505 2300 2564 in
2348 2504 2601 2565 Christo
2662 2504 2858 2583 patris
2922 2504 3154 2563 domini

590 2612 882 2674 Iohannis
916 2612 1191 2691 episcopi
1224 2611 1917 2691 Quinqueecclesiensis
1966 2621 2029 2672 et
2073 2612 2418 2692 Rodolphy,
2467 2613 2850 2671 uterinorum
2894 2611 3154 2671 fratrum

589 2721 865 2800 ipsorum
938 2720 1243 2799 personiS,
1310 2721 1501 2781 modo
1570 2718 1753 2781 simili
1824 2740 1985 2781 onus
2057 2727 2118 2779 et
2186 2739 2535 2801 gravamen
2607 2720 2882 2797 ipsorum
2951 2718 3014 2778 in
3085 2738 3154 2779 se

591 2829 1096 2907 assumpmendO,
1143 2847 1356 2888 coram
1405 2828 1584 2887 nobis
1630 2826 2042 2905 personaliter
2089 2824 2422 2901 constituti,
2487 2846 2601 2905 per
2647 2828 2916 2886 eundem
2963 2827 3154 2885 Fran-

591 2938 825 2998 ciscum
875 2936 1231 2996 confessum
1303 2935 1501 2996 extitit
1548 2943 1611 2995 et
1658 2936 1937 3009 relatum,
2000 2936 2169 3013 quod
2215 2935 2364 3014 quia
2408 2934 2822 3013 prenominati
2871 2934 3159 2994 dominus

590 3044 814 3105 Petrus
876 3044 1080 3103 banus
1144 3050 1206 3103 et
1267 3044 1572 3122 magister
1628 3042 1937 3103 Iohannes
1989 3059 2061 3102 ac
2109 3040 2398 3103 dominus
2461 3042 2792 3121 episcopus
2837 3040 3159 3120 Quinque·

589 3149 985 3212 ecclesiensis
1033 3150 1201 3211 eirca
1248 3150 1779 3230 prosecucionem,
1848 3150 2298 3230 aquisicionem
2348 3157 2410 3209 et
2457 3150 2960 3223 reobtencionem
3007 3168 3159 3227 qua-

589 3260 855 3318 rundam
900 3259 1268 3336 porcionum
1315 3259 1953 3337 possessionariarum
2001 3259 2062 3319 in
2110 3260 2513 3337 possessione
2561 3258 2744 3319 Cheh
2788 3265 3032 3331 vocata,
3096 3256 3160 3316 in

593 3365 888 3425 comitatu
950 3364 1364 3445 Zagrabiensi
1428 3344 1853 3439 existencium,
1916 3384 1992 3425 ac
2055 3365 2381 3427 cuiusdam
2439 3378 2656 3443 portus
2724 3384 2836 3425 seu
2899 3364 3062 3424 vadi.
3093 3364 3154 3423 in

590 3473 781 3533 fluvio
828 3472 1000 3532 Zaue
1048 3471 1259 3547 habiti,
1308 3492 1429 3551 que
1460 3474 1731 3549 condam
1775 3472 2051 3549 Ladislai
2080 3474 2185 3533 filii
2233 3472 2524 3550 Iohannis
2573 3474 2651 3533 de
2686 3473 2908 3532 eadem
2957 3472 3157 3546 Cheh,

593 3580 799 3639 fratris
860 3579 1007 3639 dicti
1054 3579 1368 3639 Francisci
1431 3579 1731 3658 patruelis
1778 3579 2172 3658 prefuissent,
2242 3580 2322 3639 ad
2370 3580 2698 3658 ipsumque
2759 3567 3159 3649 Franciscum

594 3687 726 3747 iure
793 3695 856 3747 et
918 3686 1316 3747 successione
1378 3687 1740 3747 hereditatis
1804 3686 2054 3747 devolvi
2101 3696 2164 3747 et
2211 3687 2715 3747 condescendere
2780 3686 3160 3759 debuissent,

594 3814 707 3876 per
766 3813 991 3855 manus
1041 3794 1276 3855 alienas
1340 3794 1613 3854 indebite
1661 3803 2128 3873 occupatorum,
2188 3794 2464 3870 consili0‚
2529 3793 2754 3853 auxilio
2819 3801 2882 3853 et
2944 3792 3161 3851 favore

594 3921 839 3962 necnon
887 3901 1195 3980 pecuniali
1242 3901 1519 3961 subsidio
1567 3887 1779 3962 eidem
1815 3902 2152 3962 Francisco
2199 3902 2261 3962 in
2309 3900 2784 3963 necessitatibus
2834 3900 2961 3959 suis
3009 3900 3160 3959 libe-

595 4010 804 4070 raliter
867 4009 1207 4085 affuissent,
1266 4009 1408 4069 ideo
1470 4009 1605 4089 ipse
1669 4010 1825 4069 tanti
1869 4009 2158 4069 beneficii
2220 4009 2337 4069 sibi
2397 4028 2510 4087 per
2573 4009 2830 4069 eosdem
2899 4007 3160 4085 impensi

596 4138 722 4177 non
783 4119 1003 4177 volens
1070 4117 1354 4196 ingratus
1404 4117 1676 4195 reperiri,
1744 4117 1857 4177 sed
1920 4117 2038 4177 sibi
2100 4116 2303 4177 vicem
2365 4116 2725 4195 possibilem
2789 4116 2878 4175 eis
2940 4115 3162 4175 exinde

597 4225 961 4303 rependere,
1024 4231 1261 4283 rectam
1308 4231 1371 4283 et
1419 4225 1707 4302 equalem
1753 4224 2156 4285 medietatem
2221 4225 2562 4285 earundem
2609 4223 2974 4302 porcionum
3021 4240 3162 4299 pos-

602 4332 1120 4392 sessionariarum
1185 4340 1248 4391 et
1306 4338 1521 4411 portus
1583 4331 2038 4411 utilitatumque
2098 4340 2161 4391 et
2220 4332 2531 4392 fructuum
2597 4351 2670 4391 ac
2733 4336 3165 4409 proventuum,

600 4460 723 4519 que
788 4449 856 4500 ut
915 4440 1304 4519 premittitur,
1368 4439 1562 4518 ipsius
1612 4441 1880 4500 condam
1940 4440 2216 4500 Ladislai
2276 4440 2668 4519 prefuissent,
2732 4447 2860 4498 tam
2923 4437 3166 4497 illarum

602 4547 907 4621 videlicet,
956 4566 1077 4628 que
1126 4548 1294 4626 apud
1339 4566 1564 4607 manus
1612 4565 1761 4607 suas
1807 4547 2014 4607 forent
2077 4549 2158 4609 ad
2205 4566 2463 4627 presens
2512 4547 2614 4607 vel
2661 4546 2863 4606 eidem
2913 4545 3164 4604 domino

602 4656 789 4715 Petro
836 4655 1003 4715 bano
1052 4663 1115 4715 et
1158 4653 1451 4725 fratribus
1498 4654 1627 4714 suis
1656 4656 1758 4714 vel
1788 4654 2264 4734 quibuscunque
2313 4654 2447 4715 aliis
2497 4654 2832 4714 existerent
2879 4652 3165 4730 inpigno-

603 4770 755 4837 rate‚
806 4769 1068 4841 excepta
1116 4762 1302 4822 domo
1350 4762 1801 4841 domorumque
1849 4762 2088 4823 cunctis
2137 4761 2395 4822 edificiis
2428 4770 2489 4821 et
2522 4761 2693 4821 curia
2739 4778 2982 4820 necnon
3031 4767 3166 4819 orto

598 4890 681 4933 ac
726 4870 937 4948 platea
985 4870 1067 4931 ad
1114 4870 1316 4948 ipsam
1366 4870 1601 4929 curiam
1650 4870 2116 4947 pertinentibus,
2173 4890 2294 4949 que
2341 4871 2475 4948 ipse
2523 4871 2572 4928 F
2577 4870 2896 4930 ranciscus
2943 4866 3060 4926 sibi
3107 4875 3170 4926 et

603 4978 734 5038 suis
796 4976 1132 5037 heredibus
1180 4978 1341 5037 ultra
1401 4977 1604 5055 ipsam
1650 4976 2052 5038 medietatem
2117 4978 2481 5056 porcionum
2529 4976 3166 5054 possessionariarum
