3917 5592
806 478 891 543 92

804 698 1094 759 noticiam
1142 700 1363 767 harum
1412 696 1571 759 serie
1619 698 1906 759 volumus
1938 694 2285 778 peruenire,
2335 694 2504 779 quod
2533 720 2674 759 cum
2723 694 2992 779 Egidius
3021 692 3182 760 filius
3229 695 3364 759 Ste-

805 807 1012 885 phani,
1085 807 1298 866 Iwank
1344 807 1505 882 filius
1553 808 1742 882 Iwan,
1814 808 2007 868 Stane
2056 806 2219 867 filius
2266 808 2550 869 Farkasii
2598 810 2676 867 de
2724 809 3144 888 generacione
3191 798 3373 866 Lomi

805 914 1027 991 nycha,
1074 914 1219 973 item
1272 914 1414 991 Vyd
1460 913 1621 973 filius
1669 914 1935 989 Endree,
1987 914 2303 994 Georgius
2351 916 2516 975 filius
2563 916 2737 989 Petk,
2809 916 3166 993 Stephanus
3213 914 3374 973 filius

806 1020 1146 1094 Wlkomer,
1218 1020 1395 1079 Duch
1444 1020 1607 1079 filius
1654 1022 1849 1096 Pauk‚
1921 1023 2146 1081 Petrus
2193 1020 2354 1082 filius
2405 1022 2632 1081 Criksa
2702 1022 2808 1081 filii
2857 1022 3253 1081 Chemezlau
3299 1021 3376 1079 de

806 1126 1223 1205 generacione
1270 1128 1543 1199 Wlkota,
1592 1129 1829 1188 nobiles
1880 1129 2248 1209 iobagiones
2290 1131 2476 1190 castri
2525 1131 2603 1189 de
2653 1130 2898 1208 Campo
2945 1129 3374 1211 Zagrabiensi,

806 1236 868 1294 in
916 1236 1045 1294 suis
1116 1236 1380 1313 propriis
1431 1244 1493 1293 et
1540 1236 1972 1294 vniuersorum
2045 1237 2364 1296 hominum
2414 1238 2690 1315 ipsorum
2757 1238 3194 1315 generacionis
3239 1256 3375 1315 per-

809 1343 996 1417 soniS,
1047 1343 1126 1401 ad
1174 1353 1451 1402 nostram
1500 1343 1910 1421 personaliter
1979 1344 2352 1403 accedentes
2399 1344 2790 1421 presenciam
2839 1344 3141 1416 dixerunt,
3212 1344 3376 1422 quod

806 1454 951 1533 quia
998 1454 1158 1514 inter
1225 1454 1396 1533 ipsos
1447 1454 1730 1532 aliqualis
1802 1455 2113 1515 discordia
2163 1455 2224 1515 in
2274 1455 2782 1515 distinccionibus
2839 1454 3176 1541 metalibus
3217 1453 3370 1511 orie-

804 1562 1004 1635 batur,
1051 1562 1167 1640 ipsi
1216 1564 1499 1622 volentes
1532 1581 1601 1621 se
1644 1570 1859 1621 mutuo
1907 1562 2182 1623 fraterno
2233 1582 2446 1623 amore
2495 1563 2754 1642 diligere
2804 1572 2868 1621 et
2912 1564 2973 1621 in
3021 1560 3373 1640 separacio-

804 1670 986 1730 nibus
1033 1670 1362 1755 metalibus
1412 1670 1810 1743 concordare,
1882 1689 1998 1728 nos
2046 1670 2353 1731 instanter
2398 1670 2741 1749 pecierunt,
2791 1681 2860 1745 vt
2904 1671 2985 1731 ad
3033 1669 3371 1727 videndum

805 1776 1242 1837 distincciones
1305 1786 1381 1836 et·
1432 1786 1742 1837 metarum
1812 1777 2174 1837 erecciones
2222 1778 2381 1838 inter
2447 1779 2636 1857 ipsos,
2708 1787 2989 1836 nostrum
3059 1775 3372 1834 hominem

804 1882 1191 1967 fidedignum
1238 1888 1818 1959 transmitteremuS,
1879 1905 2142 1964 quorum
2193 1906 2308 1945 nos
2357 1886 2922 1964 supplicacionibus
2971 1893 3032 1945 et
3080 1882 3373 1961 congruis

804 1994 1212 2072 peticionibus
1262 2002 1625 2067 annuenteS,
1674 1993 2012 2052 discretum
2063 1993 2262 2052 virum
2311 1993 2681 2071 magistrum
2731 1993 3069 2051 Iohannem
3116 1990 3370 2049 fratrem

804 2100 1034 2160 domini
1082 2100 1259 2159 Pauli
1308 2100 1595 2173 cantoriS‚
1659 2099 1899 2158 socium
1948 2108 2011 2159 et
2059 2100 2548 2158 concanonicum
2599 2108 2880 2157 nostrum
2931 2098 3220 2156 duximus
3267 2098 3371 2155 de-

804 2208 1176 2282 stinandum,
1249 2208 1355 2286 qui
1418 2209 1673 2267 tandem
1723 2209 1802 2266 ad
1874 2226 1990 2265 nos
2039 2207 2262 2266 exinde
2313 2208 2660 2281 reuenienS,
2729 2206 3125 2285 presentibus
3198 2205 3375 2264 dictis

803 2315 1108 2374 nobilibus
1156 2316 1359 2388 castri,
1430 2316 1610 2375 nobis
1676 2316 2215 2376 reambulaciones
2285 2324 2719 2394 metarumque
2784 2314 3144 2374 erecciones
3214 2313 3372 2371 inter

802 2431 1011 2499 partes
1060 2422 1373 2501 predictas
1439 2422 1639 2481 factas
1688 2432 1749 2483 et
1798 2431 2042 2483 erectas
2092 2422 2153 2481 in
2201 2424 2478 2501 quodam
2533 2430 2818 2501 segestro
2869 2420 3240 2500 apportauit,
3311 2429 3372 2479 et

800 2538 866 2588 vt
913 2530 974 2588 in
1024 2530 1247 2605 eodem
1296 2538 1578 2608 regestro
1620 2528 2070 2602 continebatur,
2118 2529 2320 2607 prima
2350 2538 2518 2589 meta
2565 2529 2940 2607 inciperetur
2971 2528 3036 2587 in
3066 2528 3222 2599 1000,
3269 2524 3373 2583 vbi

802 2637 1035 2696 riuulus
1084 2656 1194 2697 seu
1228 2645 1474 2696 meatus
1524 2656 1685 2715 aque
1719 2637 2044 2715 Lipnycha
2076 2644 2339 2697 vocatus
2389 2636 2556 2696 cadit
2587 2636 2649 2695 in
2681 2636 2941 2695 fluuium
2989 2636 3372 2711 Lomnycha,

802 2752 862 2804 et
908 2764 1021 2824 per
1067 2745 1335 2805 eundem
1372 2745 1637 2804 riuulum
1684 2746 2010 2823 Lipnycha
2057 2745 2263 2804 eundo
2299 2745 2379 2804 ad
2411 2744 2801 2805 occidentem
2849 2744 2910 2803 in
2956 2744 3124 2803 bono
3157 2742 3370 2821 spacio

800 2872 997 2931 vsque
1034 2853 1113 2912 ad
1144 2852 1431 2911 arborem
1477 2852 1648 2929 pomi
1694 2852 1996 2912 siluestris
2045 2872 2229 2912 cruce
2279 2852 2592 2932 signatam
2640 2862 2809 2912 meta
2855 2860 3063 2912 terrea
3111 2852 3370 2911 circum-

802 2960 1026 3035 fusam,
1078 2968 1141 3019 et
1188 2959 1269 3019 ibi
1333 2960 1457 3018 exit
1486 2960 1586 3023 ,ad
1635 2960 1948 3019 sinistram
1998 2968 2061 3019 et
2105 2979 2327 3039 parum
2399 2960 2708 3019 flectendo
2755 2979 2978 3019 versus
3048 2959 3370 3019 meridiem

805 3066 974 3126 venit
1020 3068 1100 3127 ad
1149 3068 1435 3126 arborem
1484 3068 1570 3126 tul
1619 3086 1803 3126 cruce
1851 3067 2168 3146 signatam
2213 3076 2384 3127 meta
2452 3075 2660 3126 terrea
2707 3066 3164 3140 circumfusam,
3221 3066 3366 3126 inde

804 3174 1035 3233 directe
1085 3174 1274 3233 currit
1338 3173 1418 3233 ad
1466 3174 1722 3232 dumurn
1792 3174 1916 3233 tilie
1967 3182 2029 3233 et
2075 3174 2248 3233 vadit
2316 3174 2550 3235 directe
2599 3174 2681 3233 ad
2727 3174 3078 3248 Locauech,
3154 3174 3260 3233 vbi
3306 3172 3366 3232 in

802 3280 1004 3340 littore
1054 3281 1209 3340 dicti.
1250 3281 1581 3340 Locauech
1628 3289 1725 3340 est
1770 3291 1941 3341 meta
1988 3291 2211 3355 terrea,
2265 3290 2328 3341 et
2374 3301 2488 3359 per
2534 3300 2790 3341 cursum
2845 3280 2990 3340 dicti
3039 3282 3366 3341 Locauech

806 3388 1010 3447 eundo
1060 3388 1119 3447 in
1166 3408 1365 3466 paruo
1414 3388 1626 3466 spacio
1676 3388 1799 3448 exit
1832 3389 1913 3449 ad
1955 3388 2244 3448 arborem
2291 3390 2395 3463 tul,
2446 3408 2567 3466 que
2616 3397 2714 3448 est
2743 3388 2805 3448 in
2837 3388 3041 3448 littore
3091 3388 3370 3448 eiusdem

804 3505 972 3556 meta
1017 3506 1224 3556 terrea
1272 3496 1663 3570 circumfusa,
1715 3498 1791 3556 ab
1837 3497 1980 3555 hinc
2027 3496 2200 3555 vadit
2246 3496 2479 3556 directe
2515 3516 2764 3575 semper
2812 3497 2893 3555 ad
2941 3495 3264 3556 meridiem
3313 3503 3377 3555 et

804 3605 1090 3683 peruenit
1136 3605 1217 3664 ad
1263 3613 1514 3678 metam,
1563 3624 1686 3683 que
1721 3613 1982 3664 vocatur
2031 3606 2436 3683 Dobougerm
2485 3613 2548 3663 et
2595 3605 2716 3663 itur
2765 3606 2842 3663 ad
2892 3603 3216 3664 meridiem
3264 3622 3378 3680 per

804 3712 1117 3791 quandam
1169 3712 1409 3783 siluam,
1479 3732 1599 3789 que
1648 3721 1911 3772 vocatur
1958 3713 2212 3771 Licuich
2261 3731 2372 3792 per
2421 3714 2736 3790 quendam
2785 3721 3062 3772 meatum
3115 3712 3377 3771 Mochar

806 3820 1054 3893 dictum,
1125 3820 1185 3877 in
1235 3820 1410 3879 cuius
1482 3820 1685 3897 capite
1735 3829 1831 3879 est
1878 3820 2064 3879 arbor
2137 3821 2471 3879 tul-cruce
2521 3819 2772 3899 signata
2847 3820 3016 3879 iuxta
3075 3838 3373 3899 magnam

804 3928 989 4001 viam,
1039 3926 1191 3987 etin
1227 3928 1449 3986 eadem
1497 3928 1603 3987 via
1650 3928 1824 3987 vadit
1857 3928 1936 3987 ad
1981 3928 2237 3986 dumum
2292 3928 2612 4005 spinarum
2661 3947 2774 4005 pro
2823 3938 2992 3987 meta
3041 3928 3378 4015 signatum,

806 4035 947 4094 inde
1013 4034 1294 4112 procedit
1364 4035 1597 4093 directe
1648 4035 1727 4093 ad
1794 4034 2116 4093 meridiem
2170 4044 2232 4093 et
2293 4034 2580 4111 peruenit
2655 4035 2735 4094 ad
2806 4043 2994 4112 caput
3047 4032 3371 4093 cuiusdam

796 4142 991 4221 putei,
1040 4144 1117 4201 ab
1167 4144 1307 4202 hinc
1342 4144 1422 4202 ad
1453 4144 1765 4220 quendam
1815 4143 2086 4201 riuulum
2119 4150 2182 4201 et
2213 4152 2430 4201 contra
2479 4162 2730 4202 cursum
2766 4144 3044 4202 eiusdem
3096 4143 3371 4219 aliquan-

804 4252 999 4309 tulum
1048 4251 1254 4309 eundo
1303 4250 1427 4309 exit
1477 4250 1557 4308 ad
1605 4250 1923 4328 quandam
1957 4250 2184 4309 vallem
2233 4250 2541 4309 Mochuar
2572 4259 2882 4325 vocatam,
2932 4258 2994 4310 et
3040 4250 3102 4309 in
3151 4250 3373 4309 eadem

807 4358 1090 4418 ascendit
1135 4378 1331 4437 vsque
1382 4358 1463 4417 ad
1530 4358 1819 4417 arborem
1864 4359 1953 4417 tul
2004 4366 2171 4418 meta
2232 4366 2438 4418 terrea
2487 4358 2926 4418 circumfusam
2973 4357 3140 4417 iuxta
3191 4357 3375 4430 viam,

806 4486 917 4545 per
979 4466 1246 4526 eandem
1316 4466 1481 4525 viam
1529 4465 1591 4523 in
1638 4466 1803 4524 bono
1882 4464 2100 4543 spacio
2165 4465 2340 4525 vadit
2403 4466 2485 4525 ad
2547 4466 2868 4526 meridiem
2931 4475 2995 4525 et
3053 4464 3223 4524 venit
3295 4464 3376 4523 ad

806 4574 1095 4633 arborem
1142 4574 1229 4631 tul
1278 4592 1461 4632 cruce
1538 4572 1853 4652 signatam
1886 4556 2070 4633 ‘meta
2137 4580 2344 4632 terrea
2392 4573 2847 4645 circumfusam,
2917 4571 3062 4632 inde
3107 4571 3377 4630 flectitur

809 4682 889 4740 ad
936 4672 1252 4739 sinistram
1298 4699 1521 4739 versus
1570 4679 1874 4739 orientem
1920 4699 2034 4757 per
2080 4681 2244 4740 latus
2278 4680 2603 4740 cuiusdam
2651 4680 2879 4738 montis
2932 4680 3014 4739 ad
3060 4679 3374 4757 quandam

806 4807 1106 4865 magnam
1154 4788 1338 4861 viam,
1406 4786 1579 4847 iuxta
1630 4806 1818 4865 quam
1867 4797 1964 4847 est
2013 4788 2198 4847 arbor
2259 4789 2348 4847 tul
2413 4806 2596 4847 cruce
2643 4786 2896 4866 signata
2956 4793 3125 4846 meta
3169 4794 3376 4845 terrea

808 4894 1199 4969 circumfusa,
1271 4904 1333 4955 et
1397 4894 1723 4955 descendit
1788 4914 1903 4973 per
1948 4896 2266 4975 quendam
2335 4903 2608 4954 meatum
2659 4904 2723 4953 et
2767 4894 2932 4954 cadit
2993 4894 3056 4953 in
3115 4892 3376 4953 fluuium

808 5003 1091 5077 Dolboki,
1158 5010 1221 5063 et
1275 5012 1491 5062 contra
1558 5022 1805 5061 cursum
1857 5002 2138 5063 eiusdem
2205 5002 2409 5061 eundo
2458 5001 2627 5061 venit
2693 5002 2772 5060 ad
2844 5008 3031 5079 caput
3077 5000 3378 5074 eiusdem,
