3917 5592
788 437 921 501 210

782 661 1043 714 octavas
1110 652 1256 712 dicti
1318 651 1462 713 festi
1530 652 1699 712 beati
1769 651 1978 712 Iacobi
2043 650 2326 729 apostoli,
2395 649 2577 709 nobis
2649 648 3058 709 amicabiliter
3128 648 3345 709 rescri-

782 758 965 834 batis,
1012 767 1339 837 presentes
1371 767 1583 819 autem
1612 758 1815 838 sigillo
1844 758 2108 834 Mathey
2154 756 2261 817 filii
2292 756 2584 817 Iohannis
2630 756 2710 815 de
2757 755 3067 829 Machew‚
3099 754 3340 815 comitis

784 865 979 926 nostri
1025 865 1469 947 Zagrabiensis
1514 864 1777 925 fecimus
1803 864 2202 944 ·consignari.
2251 864 2482 923 Datum
2529 854 2860 943 Zagrabie,
2905 862 3215 942 vigesimo
3246 862 3347 922 die

784 981 1149 1033 octavarum
1192 972 1337 1033 festi
1381 971 1551 1033 beati
1596 971 1856 1052 Georgii
1903 970 2172 1031 martiris
2235 970 2671 1048 predictarum,
2720 989 2886 1031 anno
2931 970 3168 1033 domini
3213 969 3346 1030 mil-

782 1081 1001 1142 lesimo
1047 1080 1685 1161 quadringentesimo-
1719 1078 2026 1160 vigesimo
2074 1079 2356 1157 septimo,

996 1217 1284 1289 originale
1323 1220 1685 1273 chartaceum
1724 1234 2004 1285 mancum,
2046 1196 2098 1271 a
2118 1222 2272 1287 tergo
2310 1218 2566 1287 appr-essi
2609 1216 2771 1288 parvi
2809 1216 2976 1285 sigilli
3023 1215 3342 1285 vestigium.

783 1309 843 1363 ln
884 1308 1119 1363 archivo
1177 1308 1331 1376 regni
1382 1307 1717 1377 Hungariae,
1766 1307 2164 1376 Budapestini:
2205 1307 2276 1361 M.
2318 1305 2382 1362 Ο.
2421 1306 2482 1361 D.
2519 1306 2578 1361 L.
2615 1304 2853 1376 35248„
2899 1304 3038 1360 olim
3077 1304 3338 1361 collectio

775 1398 819 1454 I.
858 1395 1057 1467 Kukulj
1065 1396 1207 1452 evic-
1259 1425 1265 1432 -

1000 1523 1021 1563 ¹-
1051 1522 1134 1577 sic
1171 1520 1471 1592 (fundum).
1514 1523 1534 1553 ²
1571 1524 1654 1579 sic
1691 1523 2056 1594 (decurrens).

1952 1826 2164 1896 811.

987 2044 1171 2104 Anno
1228 2042 1412 2105 1427.
1462 2040 1565 2106 29.
1612 2042 1755 2105 iulii
1803 2042 2176 2124 zagrabiae.

772 2253 1117 2319 Iohannes
1162 2254 1487 2319 literatus
1517 2274 1740 2319 comes
1776 2252 2025 2337 Campi
2056 2251 2552 2337 Zagrabiensis
2580 2272 2662 2315 ac
2694 2250 3085 2335 Stephanus
3119 2248 3329 2335 filius

776 2360 979 2441 Pedk,
1024 2361 1269 2426 literas
1330 2360 1670 2427 Iohannis
1733 2361 2014 2429 comitis
2073 2358 2570 2445 Zagrabiensis
2629 2380 2692 2422 a.
2757 2360 2926 2439 1343.
2997 2358 3102 2422 26.
3159 2354 3327 2440 febr.

1038 2473 1251 2553 super
1288 2468 1722 2554 possessione
1778 2466 2115 2552 Trebesyn
2153 2470 2538 2545 emanataS‚
2587 2468 3060 2531 transumunt.

987 2688 1122 2746 Nos
1168 2687 1477 2747 Iohannes
1524 2687 1805 2747 literatus
1852 2668 2138 2747 officialis
2183 2685 2514 2746 reverendi
2560 2684 2623 2744 in
2685 2683 2936 2743 Christo
3001 2682 3197 2763 patris
3263 2692 3326 2743 et

775 2794 1008 2856 domini
1052 2794 1364 2868 IohanniS,
1413 2794 1513 2854 dei
1561 2802 1623 2854 et
1671 2794 2010 2872 apostolice
2059 2794 2226 2854 sedis
2291 2792 2509 2872 gracia
2554 2791 2830 2870 episcopi
2878 2791 3141 2851 ecclesie
3203 2792 3320 2850 Za·

772 2900 1123 2983 grabiensis
1172 2908 1286 2960 etc.
1334 2920 1446 2979 per
1494 2921 1643 2961 eum
1710 2901 1769 2960 in
1840 2902 2146 2963 Rakonok
2216 2908 2330 2960 etc.
2402 2900 2755 2978 deputatus,
2813 2918 3025 2966 comes
3097 2897 3324 2977 Campi

773 3006 1219 3087 Zagrabiensis
1268 3026 1343 3066 ac
1372 3008 1730 3086 Stephanus
1758 3007 1920 3067 filius
1955 3008 2133 3071 Pedk
2165 3026 2378 3067 comes
2408 3005 2720 3066 terrestris
2769 3006 3050 3071 eiusdem
3097 3005 3324 3086 Campi

772 3114 1071 3175 memorie
1119 3115 1633 3175 commendamus
1664 3133 1779 3192 per
1804 3123 2148 3193 presenteS,
2198 3114 2369 3193 quod
2398 3134 2539 3173 cum
2573 3114 2795 3173 Petrus
2839 3112 3000 3173 filius
3032 3114 3323 3173 Iohannis

772 3223 852 3281 d'e
898 3221 1132 3295 Mlaka,
1203 3221 1427 3280 nobilis
1499 3221 1852 3296 castrensiS,
1931 3222 2012 3281 ad
2082 3221 2451 3281 instanciam
2522 3221 2690 3281 Petri
2752 3221 2860 3281 filii
2927 3219 3188 3300 Georgii
3262 3230 3324 3280 et

769 3329 1029 3405 Mathye
1076 3328 1184 3389 filii
1229 3329 1431 3388 Marci
1476 3332 1557 3390 de
1604 3330 1846 3401 eadem,
1894 3328 2193 3388 nobilium
2239 3328 2518 3387 similiter
2548 3328 2980 3403 castrensium,
3014 3328 3324 3407 quasdam

768 3436 979 3496 literas
1025 3434 1448 3515 privilegi-ales
1494 3436 1726 3496 tenoris
1772 3434 2150 3512 infrascripti
2197 3443 2259 3493 et
2305 3434 2745 3513 subsequentis
2765 3476 2774 3484 ·
2792 3452 2982 3511 super
3048 3435 3322 3513 quadam

769 3542 1169 3621 possessione
1218 3562 1433 3602 eorum
1501 3542 1707 3617 nobili,
1754 3542 2147 3615 hereditaria,
2207 3542 2532 3617 Trebesyn
2580 3549 2823 3615 vocata,
2881 3541 3052 3619 ipsos
3115 3542 3322 3620 equali

774 3650 907 3710 iure
954 3648 1288 3709 nobilitatis
1336 3650 1711 3710 hereditario
1782 3659 2213 3723 concernente,
2276 3668 2389 3726 per
2450 3648 2890 3729 litigionarium
2937 3668 3320 3727 processum,

768 3754 923 3815 feria
970 3757 1247 3816 secunda
1294 3757 1575 3835 proxima
1626 3765 1768 3835 post
1812 3757 2040 3815 festum
2088 3756 2299 3816 beate·
2321 3757 2503 3815 Anne
2549 3756 2766 3815 matris
2814 3755 3076 3835 virginis
3133 3758 3320 3816 bene-

769 3864 949 3939 dicte,
996 3883 1161 3923 nunc
1207 3864 1487 3941 proxime
1520 3864 1831 3942 preterita,
1864 3864 1925 3923 in
1958 3864 2176 3922 sedem
2207 3870 2488 3921 nostram
2517 3861 2902 3921 iudiciariam
2939 3862 3321 3922 exhibuisset

770 3980 957 4050 atque
1005 3972 1416 4050 produxisset,
1465 3981 1612 4033 tunc
1662 3981 1997 4032 annotatus
2045 3951 2266 4031 Petrus
2317 3968 2479 4030 filius
2529 3970 2720 4048 ipsius
2769 3970 3029 4050 Georgii
3093 3970 3154 4029 in
3205 3989 3320 4029 sua

774 4086 838 4137 et
881 4078 1104 4156 prefati
1151 4080 1411 4155 Mathye
1458 4087 1662 4158 patrui
1710 4088 2182 4155 ceterorumque
2232 4078 2508 4151 fratrum,
2555 4077 2994 4155 proximorum,
3043 4074 3321 4137 affinium

773 4193 835 4244 et
882 4185 1467 4265 consagwineorum
1516 4205 1773 4245 suorum
1819 4185 2122 4263 personiS,
2171 4183 2258 4243 uti
2307 4192 2496 4256 actor,
2545 4185 2801 4243 easdem
2850 4184 2965 4242 sibi
3030 4202 3142 4261 per
3205 4203 3320 4242 nos

768 4292 1129 4352 transscribi
1177 4302 1240 4352 et
1284 4292 1477 4351 literis
1524 4292 1752 4352 nostris
1799 4292 2289 4372 privilegialibus
2338 4291 2729 4369 presentibus
2775 4290 2961 4349 inseri
2997 4309 3069 4349 ac
3103 4289 3318 4369 sigillis

767 4400 994 4460 nostris
1043 4399 1371 4459 autenticis
1418 4400 1785 4459 communiri
1830 4400 2169 4477 postulavit
2195 4400 2297 4457 -ad
2347 4397 2672 4458 cautelam.
2721 4398 3005 4473 Quarum
3068 4396 3319 4475 quidem

768 4508 1083 4566 literarum
1132 4513 1311 4565 tenor
1342 4506 1619 4584 sequitur
1649 4506 1709 4564 in
1742 4507 1857 4566 hec
1891 4507 2116 4565 verba:
2169 4506 2244 4573 (V
2265 4505 2398 4565 ide
2446 4506 2612 4563 doc,
2647 4524 2700 4563 a.
2747 4502 2928 4563 1343.
2963 4501 3064 4562 26.
3120 4503 3317 4562 febr.

766 4634 797 4674 s
819 4635 856 4672 u
877 4615 915 4672 b
965 4614 1093 4673 No.
1128 4612 1273 4686 54).
1323 4613 1455 4672 Nos
1490 4612 1697 4692 itaque
1722 4612 2042 4691 premissis
2072 4621 2368 4691 tanquam
2403 4612 2577 4672 iustis
2613 4611 2852 4690 iurique
2885 4612 3179 4691 congruis
3211 4630 3317 4688 pe-

766 4720 1094 4780 ticionibus
1140 4720 1467 4779 memorati
1516 4720 1681 4781 Petri
1730 4720 1835 4780 filii
1884 4720 2159 4799 Georgii,
2193 4719 2254 4779 in
2280 4739 2394 4778 sua
2428 4728 2490 4777 et
2521 4739 2783 4798 quorum
2817 4738 3008 4796 supra
3038 4719 3321 4797 personis

773 4828 953 4888 nobis
1001 4827 1313 4907 condigne
1362 4836 1424 4887 et
1470 4828 1777 4887 humiliter
1823 4826 2240 4905 preporreetis
2294 4835 2659 4900 annuenteS,
2705 4834 3065 4904 pretaxatas
3113 4824 3324 4885 literas

766 4934 959 5012 ipsius
992 4934 1274 5014 magistri
1323 4934 1614 4999 Iohannis
1648 4934 1889 4995 comitis
1936 4934 2398 5014 ZagrabiensiS,
2447 4933 2652 5012 sigillo
2699 4933 2980 4996 eiusdem
3026 4933 3332 5010 pendenti.
