3917 5592
816 412 945 475 272

821 648 895 689 ac
945 628 1206 688 aliarum
1257 626 1708 687 discordiarum
1767 626 1965 687 litium
2014 634 2077 686 et
2123 625 2693 686 controversiarum
2756 626 3173 703 predictarum
3224 626 3380 685 inter

819 736 1077 795 easdem
1123 742 1334 813 partes
1382 734 1572 793 modo
1617 733 1924 810 premisso
1972 734 2295 811 hucusque
2343 741 2670 806 motarum,
2718 733 3071 793 habitarum
3120 742 3182 791 et
3232 752 3374 792 ven-

812 843 1143 915 tilatamm‚
1189 840 1252 900 in
1299 838 1472 919 pacis
1521 838 1942 917 tranquilitate
1993 848 2055 899 et
2103 840 2329 899 unione
2365 859 2440 900 ae
2473 839 2809 899 concordia
2858 839 3085 919 iugiter
3130 858 3374 917 perma-

811 969 978 1022 nere,
1049 967 1160 1027 per
1224 946 1748 1025 composicionem
1815 954 1876 1005 et
1944 945 2411 1006 ordinacionem
2481 944 2885 1024 plurimorum
2956 945 3251 1005 nobilium
3316 955 3378 1004 et

812 1058 1181 1117 idoneorum
1247 1054 1538 1127 virorum,
1588 1060 1651 1112 et
1697 1052 2022 1132 signanter
2087 1053 2307 1112 horum
2372 1053 2666 1113 nobilium
2738 1052 3027 1125 virorum,
3090 1053 3377 1113 videlicet

813 1161 1104 1244 Gregorii
1151 1161 1262 1221 filii
1305 1159 1598 1220 Damiani
1631 1160 1711 1219 de
1742 1158 2022 1219 Inferiori
2070 1160 2474 1238 Lompnycza
2498 1168 2562 1220 et
2592 1160 2915 1219 Benedicti
2961 1159 3068 1219 filii
3116 1158 3375 1239 Georgii

812 1272 956 1332 dicti
1003 1269 1410 1346 Zthanchych
1457 1269 1536 1327 de
1585 1267 1954 1341 Lokawecz,
2027 1285 2101 1326 ac
2148 1267 2401 1327 alterius
2447 1266 2771 1327 Benedicti
2819 1266 2925 1326 filii
2991 1265 3161 1325 Petri
3228 1266 3373 1326 dicti

809 1380 1192 1457 Zrynschak,
1259 1374 1483 1457 generi
1549 1393 1700 1434 vero
1747 1374 1971 1434 nobilis
2018 1374 2286 1433 condam
2353 1374 2469 1433 viri
2515 1374 2771 1453 Georgii
2838 1374 2944 1433 filii
3004 1374 3246 1433 Nicolai
3294 1376 3371 1433 de

812 1489 1042 1560 Mlaka,
1115 1486 1388 1564 ipsarum
1451 1480 1733 1560 parcium
1797 1482 2031 1541 bonurn
2093 1480 2267 1560 pacis
2340 1491 2402 1541 et
2466 1482 2797 1542 concordie
2864 1482 3227 1555 zelancium,
3292 1482 3371 1541 ad

811 1595 1000 1654 talem
1050 1592 1225 1671 pacis
1274 1600 1334 1651 et
1383 1589 1818 1668 tranquilitatis
1881 1609 1956 1649 ac
2019 1589 2349 1649 concordie
2413 1589 2814 1649 devenissent
2874 1589 3184 1662 unionem,
3247 1588 3373 1648 imo

809 1704 1114 1762 deverunt
1160 1718 1372 1759 coram
1419 1697 1616 1771 nobiS,
1664 1706 1848 1775 prout
1879 1716 1954 1757 ex
1992 1697 2190 1765 relatu
2238 1696 2530 1757 concordi
2578 1706 2640 1757 et
2685 1696 3003 1777 fidedigno
3031 1698 3369 1757 eorundem

812 1809 1110 1868 nobilium
1157 1807 1431 1865 virorum
1480 1824 1692 1864 coram
1739 1804 1920 1864 nobis
1970 1805 2381 1882 personaliter
2428 1805 2776 1864 astancium
2830 1804 3105 1882 plenarie
3154 1824 3369 1863 sumus

805 1914 1134 1987 informati,
1162 1922 1232 1973 ut
1262 1913 1396 1992 ipse
1444 1912 1723 1971 Thomas
1770 1910 1931 1971 filius
1966 1910 2188 1990 prefati
2236 1912 2504 1971 condam
2548 1912 2748 1971 Marci
2780 1911 3019 1989 supani,
3053 1912 3369 1989 quandam

805 2031 1038 2083 terram
1085 2040 1266 2080 suam
1317 2019 1726 2078 sessionalem
1772 2017 1835 2076 in
1881 2018 2167 2096 predicta
2213 2019 2450 2091 Mlaka,
2501 2017 2647 2078 villa
2696 2018 2787 2078 sic
2833 2019 3015 2091 dicta,
3049 2020 3210 2077 ultra
3253 2019 3367 2077 flu-

805 2130 974 2190 vium
1007 2128 1287 2188 similiter
1317 2126 1536 2186 Mlaka
1582 2125 1833 2199 dictum,
1869 2144 1906 2184 a
1939 2134 2117 2203 parte
2152 2126 2564 2200 meridionali,
2598 2126 2757 2185 inter
2787 2126 3105 2203 quandam
3136 2134 3365 2185 terram

805 2237 1084 2297 similiter
1131 2234 1550 2303 sessionalem
1575 2234 1840 2292 duarum
1888 2233 2345 2293 dimensionum
2394 2235 2586 2314 vulgo
2618 2234 2830 2310 methy
2878 2233 3183 2293 dictarum
3229 2252 3367 2312 pre-

804 2346 918 2405 fati
964 2344 1172 2423 Egidii
1219 2341 1546 2415 carnificiS,
1594 2340 1814 2401 sororii
1859 2340 2056 2420 ipsius
2106 2341 2348 2403 Thome
2398 2343 2476 2402 ab
2528 2342 2851 2403 occidente
2898 2340 3101 2417 sitam,
3148 2341 3208 2401 in
3242 2360 3401 2420 qua·

807 2452 1044 2513 scilicet
1087 2459 1256 2510 terra
1303 2449 1630 2509 sessionali
1677 2448 1870 2527 ipsius
1916 2448 2127 2529 Egidii
2173 2450 2501 2527 carnificiS,
2548 2470 2714 2510 nunc
2760 2470 2921 2509 unus
2954 2450 3205 2530 iobagio
3252 2470 3367 2510 seu

804 2562 1060 2620 colonus
1127 2557 1408 2617 eiusdem
1469 2555 1676 2636 Egidii
1745 2556 2055 2617 carnificis
2120 2558 2370 2618 nomine
2438 2558 2752 2639 Georgius
2818 2559 3019 2618 dictus
3080 2559 3215 2617 Lah
3277 2557 3364 2617 di·

805 2668 1082 2728 noscitur
1147 2664 1440 2739 residere,
1489 2677 1550 2723 et
1597 2664 1758 2724 inter
1804 2672 2035 2725 terram
2085 2666 2364 2725 similiter
2424 2666 2833 2726 sessionalem
2899 2666 3078 2725 unius
3126 2666 3361 2726 dimen-

805 2774 996 2835 sionis
1060 2774 1249 2852 vulgo
1312 2772 1482 2831 meth
1545 2771 1724 2844 dicte,
1787 2772 1983 2850 ipsius
2032 2772 2273 2832 Thome
2338 2773 2415 2832 ab
2464 2773 2703 2833 oriente
2766 2773 2992 2847 habite,
3056 2774 3240 2832 sitam
3304 2782 3366 2833 et

805 2882 1190 2955 existentem,
1253 2888 1380 2939 tres
1426 2878 1848 2939 dimensiones
1911 2880 2103 2959 vulgo
2164 2881 2377 2957 methy
2440 2879 2639 2940 dictas
2685 2880 2747 2939 in
2796 2900 2865 2940 se
2928 2880 3365 2955 continentem,

805 3010 947 3050 eum
993 2987 1282 3048 omnibus
1330 2987 1460 3046 suis
1508 2986 1872 3046 utilitatibus
1922 2994 1985 3046 et
2030 2986 2427 3064 pertinenciis
2478 3008 2551 3048 ac
2597 2988 3001 3066 proventibus
3035 2989 3364 3062 universiS‚

804 3096 1046 3175 prefato
1093 3094 1320 3172 Egidio
1368 3093 1659 3167 carnifici,
1728 3094 1969 3153 sororio
2016 3114 2151 3168 su0,
2198 3096 2335 3154 loco
2370 3073 2709 3155 'cuiusdam
2754 3095 2975 3173 prioris
3022 3103 3185 3155 terre
3234 3115 3363 3155 ses-

803 3203 1062 3264 sionalis
1109 3202 1303 3281 ipsius
1350 3200 1559 3280 Egidii
1607 3200 1954 3274 carnificiiS,
2006 3202 2235 3261 exista
2279 3211 2457 3281 parte
2503 3202 2763 3280 predicti
2809 3201 2979 3261 fluvii
3006 3203 3221 3261 Mlaka
3254 3222 3363 3261 vo-

804 3311 942 3383 cati,
993 3330 1030 3369 a
1076 3316 1254 3388 parte
1301 3308 1591 3368 videlicet
1637 3308 2128 3386 septemtrionali
2160 3309 2319 3369 inter
2351 3309 2695 3369 sessionem
2730 3330 2842 3369 seu
2874 3318 3103 3369 terram
3134 3309 3360 3370 sessio-

805 3420 1012 3478 nalem
1059 3416 1253 3496 ipsius
1302 3417 1544 3475 Thome
1579 3423 1640 3475 et
1671 3415 1832 3475 inter
1877 3423 2110 3476 terram
2158 3416 2566 3477 sessionalem
2612 3417 2913 3496 Stephani
2960 3416 3067 3477 filii
3107 3418 3362 3478 Andree

802 3524 910 3585 filii
957 3523 1218 3602 predicti
1265 3522 1509 3582 Nicolai
1543 3523 1621 3581 de
1655 3522 1900 3600 prefata
1930 3523 2147 3583 Mlaka
2194 3523 2421 3599 habite,
2470 3532 2596 3583 tres
2629 3524 2906 3583 similiter
2939 3524 3356 3584 dimensiones

802 3633 994 3711 vulgo
1042 3630 1256 3707 methy
1318 3630 1518 3689 dictas
1565 3629 1628 3689 in
1675 3648 1744 3690 se
1792 3630 2181 3705 continentiS,
2246 3631 2416 3709 prius
2463 3651 2577 3710 per
2622 3632 2825 3710 ipsum
2886 3632 3180 3712 Egidium
3226 3651 3359 3693 car—

799 3739 1047 3799 nificem
1093 3735 1429 3797 literatorie
1486 3756 1800 3815 possesse,
1865 3737 1990 3797 iarn
2039 3758 2190 3798 vero
2238 3758 2352 3817 per
2396 3738 2707 3817 prefatum
2755 3740 3065 3799 Thomam
3126 3760 3240 3817 pro
3288 3759 3357 3798 se

803 3853 1142 3920 reservate,
1197 3864 1310 3923 per
1357 3846 1610 3904 modum
1677 3846 2163 3924 permutacionis
2212 3856 2275 3907 et
2320 3848 2666 3907 concambii
2715 3847 2991 3907 dedisset
3055 3854 3357 3925 perpetuo

799 3953 1278 4032 possidendam3
1329 3952 1476 4011 item
1506 3953 1675 4012 idem
1722 3954 2001 4013 Thomas
2049 3954 2209 4013 filius
2260 3954 2453 4033 ipsius
2484 3955 2686 4015 Marci
2734 3954 2977 4033 supani,
3010 3954 3355 4033 predictam

797 4070 1028 4121 terram
1077 4060 1485 4121 sessionalem
1534 4060 1728 4139 ipsius
1777 4061 1960 4121 unius
2010 4062 2412 4122 dimensionis
2475 4064 2666 4143 vulgo
2714 4064 2885 4123 meth
2932 4063 3111 4137 dicte,
3160 4083 3353 4142 penes

797 4168 1141 4247 predictam
1189 4177 1423 4227 terram
1482 4168 1891 4229 sessionalem
1939 4170 2125 4229 trium
2188 4170 2645 4230 dimensionum
2705 4170 2899 4248 ipsius
2948 4170 3154 4250 Egidii
3220 4189 3353 4229 car—

797 4276 1011 4349 nificiS‚
1058 4295 1172 4353 per
1217 4276 1422 4353 ipsum
1470 4275 1778 4335 Thomam
1830 4276 2035 4337 eidem
2081 4278 2309 4357 Egidio
2358 4278 2648 4351 carnifici,
2720 4277 2956 4336 sororio
3005 4296 3119 4335 suo
3166 4278 3354 4337 modo

797 4383 1102 4462 premisso
1150 4383 1656 4443 concambialiter
1703 4384 1916 4444 datam
1965 4394 2027 4445 et
2072 4394 2525 4464 perpetuatam,
2574 4386 2653 4445 ab
2700 4385 2837 4464 ipso
2885 4385 3122 4445 oriente
3170 4385 3353 4445 sitam

797 4500 859 4551 et
919 4491 1218 4564 habitam,
1285 4490 1564 4551 similiter
1627 4511 1770 4550 curn
1833 4492 2121 4551 omnibus
2184 4492 2313 4551 suis
2381 4493 2759 4567 utilitatibus,
2825 4493 3227 4571 proventibus
3294 4502 3354 4552 et

795 4599 1190 4677 pertinenciis
1256 4598 1582 4672 universiS,
1645 4600 1924 4678 predicto
1973 4599 2199 4679 Egidio
2248 4600 2537 4673 carnifici,
2586 4601 2841 4675 sorori0,
2907 4609 2975 4659 ut
3018 4600 3353 4679 predicitur

795 4724 927 4779 su0,
975 4725 1088 4784 pro
1137 4708 1410 4785 quadam
1474 4715 1642 4768 terra
1704 4706 1922 4767 arabili
1971 4707 2337 4785 quartalicia
2401 4708 2595 4785 ipsius
2664 4707 2873 4788 Egidii
2936 4707 3242 4767 carnificis
3290 4708 3351 4768 in

794 4812 1294 4890 possessionibus
1365 4814 1670 4893 empticiis
1737 4814 1932 4893 ipsius
1997 4816 2264 4875 condam
2327 4815 2528 4875 Marci
2598 4815 2837 4893 supani,
2900 4814 3093 4893 patris
3156 4816 3350 4893 ipsius

794 4918 1036 4979 Thome
1083 4920 1146 4979 in
1207 4922 1488 4999 predicta
1532 4922 1810 4982 Inferiori
1859 4922 2261 5000 Lompnycza
2292 4921 2408 4981 sub
2442 4922 2681 4982 Obress
2714 4922 2955 4997 habitis,
2988 4922 3125 4997 sita,
3160 4941 3349 4981 unam
