3917 5592
2929 437 3063 500 237

708 868 893 926 Anno
952 865 1136 928 1433.
1196 867 1244 927 l.
1295 868 1461 927 iunii.
1511 868 1884 948 Zagrabiae.

506 1078 757 1143 Coram
804 1077 1141 1143 Michaele
1190 1077 1353 1162 filio
1400 1077 1767 1142 Barnabae
1812 1079 1894 1142 de
1948 1077 2158 1157 Odra,
2207 1079 2456 1142 comite
2506 1079 2754 1162 Campi
2802 1081 3060 1162 Zagra-

494 1185 755 1250 bieusis
814 1207 897 1250 ac
956 1185 1301 1270 Stephano
1352 1185 1514 1270 filio
1576 1185 1762 1250 Pedk
1822 1186 1906 1249 do
1989 1185 2364 1262 Lokaueclz,
2435 1188 2683 1250 comite
2746 1187 3062 1250 terrestri

494 1294 807 1359 eiusdem
860 1294 1125 1378 Campi,
1166 1293 1452 1358 Morcus
1484 1291 1694 1377 filius
1724 1292 1922 1358 Iwan-
1954 1291 2098 1376 filii
2139 1293 2368 1357 Laczk
2389 1292 2472 1356 de
2496 1293 2750 1369 Mlaka,
2802 1296 3060 1356 terram

500 1403 687 1466 inter
739 1401 1012 1487 fluvios
1082 1400 1275 1466 Odra
1336 1403 1400 1463 et
1470 1400 1855 1464 Lomm'cza
1924 1401 2348 1475 existentem,
2420 1404 2720 1484 quatuor
2762 1399 3066 1485 florenis
3112 1467 3120 1476 ,

1066 1507 1429 1571 Valentino
1462 1505 2028 1571 Fabianchewich
2076 1507 2503 1591 inpignorat.

712 1725 845 1784 Nos
892 1725 1168 1784 Michael
1212 1724 1375 1784 filius
1422 1724 1714 1784 Barnabe
1762 1725 1841 1784 de
1875 1723 2051 1783 Odra
2107 1742 2318 1783 comes
2351 1722 2578 1801 Campi
2617 1721 3061 1802 Zagrabiensis

492 1852 569 1892 ac
614 1832 973 1911 Stephanus
1019 1832 1181 1891 filius
1227 1833 1405 1891 Pedk
1438 1831 1516 1890 de
1550 1832 1887 1891 Lokauech
1936 1850 2149 1890 eomes
2183 1831 2492 1890 terrestris
2523 1830 2804 1890 eiusdem
2833 1828 3061 1906 Campi

494 1940 795 2000 memorie
844 1941 1357 2000 commendamus
1418 1959 1533 2018 per
1578 1947 1919 2017 presenteS,
1988 1940 2155 2017 quod
2217 1939 2473 1998 Marcus
2519 1938 2682 1998 filius
2737 1938 2908 1996 Iwan
2955 1936 3062 1994 filii

492 2049 709 2108 Laczk
754 2049 833 2107 de
880 2048 1113 2122 Mlaka,
1161 2047 1224 2106 in
1272 2067 1389 2107 sua
1436 2056 1498 2106 et
1543 2047 1810 2125 Philippi
1854 2047 2064 2106 fratris
2112 2045 2209 2105 sui
2256 2045 2485 2106 uterini
2515 2052 2578 2104 et
2609 2044 2875 2104 carnalis
2922 2062 3060 2122 per-

496 2153 699 2228 sonis;
750 2153 895 2213 item
944 2154 1305 2229 Clementis,
1352 2153 1706 2214 Sebastiani
1756 2162 1818 2213 et
1864 2154 2108 2213 Thome
2155 2153 2419 2212 filiorum
2471 2171 2723 2212 suorum
2783 2150 3062 2210 similiter

500 2261 563 2320 in
610 2262 911 2340 personiS,
961 2280 1146 2321 omne
1193 2281 1352 2321 onus
1402 2269 1464 2320 et
1510 2280 1858 2341 gravamen
1922 2262 2266 2320 eorundem
2329 2260 2392 2318 in
2455 2279 2523 2320 se
2572 2260 2776 2337 ipsum
2839 2266 3060 2337 sponte

494 2369 893 2442 assumendO,
942 2369 1023 2430 ad
1069 2376 1351 2428 nostram
1398 2368 1709 2427 veniendo
1756 2369 2167 2446 presenciam,
2213 2367 2547 2456 'confessus
2596 2375 2692 2427 est
2739 2373 2959 2445 sponte
2997 2366 3060 2425 in

491 2477 659 2535 hunc
702 2476 977 2549 modum,
1026 2481 1093 2533 ut
1140 2474 1272 2552 ipse
1321 2474 1639 2552 quandam
1686 2481 1919 2534 terram
1981 2475 2296 2548 arabilem,
2345 2473 2459 2533 viri
2507 2474 2774 2533 condam
2835 2472 3058 2532 nobilis

493 2581 662 2641 Petri
707 2581 816 2642 filii
860 2581 1041 2650 Pauli
1087 2580 1235 2640 dicti
1266 2581 1491 2659 Vrdug
1524 2580 1601 2639 de
1635 2580 1915 2641 Inferiori
1960 2581 2342 2659 Lompnicza
2387 2579 2848 2653 hereditariam,
2897 2579 3058 2638 inter

491 2689 715 2748 fluvios
764 2688 940 2748 Odra
987 2695 1049 2747 et
1095 2687 1477 2765 Lompnicza
1522 2696 1932 2766 nuncupatOS,
1982 2687 2154 2747 iuxta
2201 2689 2468 2748 eandem
2489 2687 2729 2747 Odram
2776 2686 3057 2747 habitam

493 2805 556 2856 et
618 2795 1003 2868 existentem,
1075 2796 1281 2874 ipsum
1346 2794 1580 2854 scilicet
1649 2795 1903 2855 Petrum
1975 2797 2178 2855 solum
2245 2796 2494 2874 proprie
2558 2804 3056 2868 concernentem,

492 2911 758 2982 quatuor
806 2903 1228 2963 dimensiones
1278 2923 1421 2962 cum
1466 2902 1676 2962 media
1706 2904 1877 2983 wlgo
1902 2911 2142 2962 wreten
2191 2902 2390 2963 dictas
2424 2902 2484 2962 in
2513 2923 2582 2967 se
2617 2903 3056 2974 continentem,

496 3031 617 3090 que
666 3011 901 3072 scilicet
946 3018 1115 3071 terra
1161 3009 1413 3071 arabilis
1458 3009 1628 3089 ipsis,
1678 3010 1914 3071 scilicet
1975 3004 2195 3070 Marco
2259 3019 2321 3069 et
2384 3010 2669 3089 Philippo
2716 3009 2856 3070 filiis
2911 3009 3056 3069 dicti

495 3117 667 3177 Iwan
714 3117 821 3177 filii
867 3116 1061 3197 ipsius
1109 3111 1353 3176 Lachk¹
1385 3136 1499 3195 per
1529 3117 1879 3195 predictum
1928 3118 2195 3176 condam
2243 3119 2498 3198 Petrum
2543 3117 2738 3176 filium
2779 3116 3057 3176 annotati

495 3225 671 3284 Pauli
717 3225 957 3304 Vrdug,
1004 3243 1116 3302 pro
1166 3231 1434 3302 quatuor
1480 3224 1737 3284 florenis
1783 3225 1934 3297 auri,
1985 3224 2202 3304 vigore
2270 3224 2666 3302 quarundam
2711 3223 3057 3283 litterarum

496 3331 1114 3412 inpignoraticiarum
1159 3326 1340 3390 Pauli
1386 3332 1554 3408 olym
1624 3331 1865 3390 comitis
1912 3330 2222 3391 terrestris
2269 3331 2492 3410 prefati
2542 3329 2770 3409 Campi
2815 3332 3054 3410 Zagra-

493 3439 743 3513 biensiS,
792 3440 871 3499 de
920 3459 1083 3499 anno
1144 3439 1376 3498 domini
1438 3438 1765 3498 millesimo
1828 3437 2446 3518 quadringentesimo
2495 3437 2726 3516 quinto,
2783 3438 2846 3496 in
2892 3437 3052 3497 festo

490 3545 657 3606 beati
704 3546 1006 3625 Stephani
1032 3545 1203 3626 regis
1236 3555 1299 3606 et
1328 3545 1719 3620 confessoriS,
1748 3546 1984 3605 dudum
2016 3544 2365 3624 preteritiiS,
2413 3564 2526 3624 pro
2558 3552 2736 3622 parte
2771 3543 3048 3623 ipsorum

490 3653 691 3712 Marci
738 3661 800 3712 et
846 3652 1111 3731 Philippi
1159 3672 1347 3731 super
1397 3653 1531 3731 ipsa
1578 3661 1745 3712 terra
1794 3652 2012 3712 arabili
2046 3652 2470 3712 confectarum
2504 3659 2566 3711 et
2600 3660 3048 3730 emanatarum,

490 3768 625 3820 erat
670 3760 1085 3840 inpignorata,
1132 3768 1318 3838 prout
1363 3761 1425 3818 in
1474 3760 1711 3819 eisdem
1772 3760 1989 3819 litteris
2053 3759 2544 3839 inpignoraticiis
2609 3778 2821 3818 coram
2868 3758 3046 3818 nobis

489 3867 551 3926 in
598 3868 806 3946 specie
854 3867 1171 3945 productis
1220 3868 1343 3927 fide
1392 3867 1692 3928 contineri
1740 3867 2008 3926 vidimus
2057 3867 2323 3941 oculata,
2371 3866 2554 3926 simul
2573 3885 2714 3926 cum
2763 3866 3051 3926 omnibus

496 3975 779 4036 eiusdem
826 3983 990 4034 terre
1040 3975 1289 4034 arabilis
1338 3975 1720 4050 utilitatibus,
1769 3975 1986 4034 usibus
2033 3982 2096 4034 et
2119 3974 2516 4053 pertinenciis
2551 3974 2875 4047 universiS,
2924 3975 3048 4034 Va-

492 4081 726 4141 lentino
774 4082 939 4141 dicto
988 4083 1037 4140 F
1042 4081 1527 4157 abianchewich,
1575 4082 1701 4142 filio
1755 4082 2057 4161 Stephani
2105 4083 2183 4141 de
2231 4082 2510 4160 predicta
2574 4081 2910 4140 Lomnicza
2956 4081 3049 4140 In-

493 4188 719 4264 feriori‚
768 4188 1045 4249 similiter
1091 4208 1203 4266 pro
1254 4199 1523 4268 quatuor
1570 4189 1822 4249 florenis
1872 4189 2024 4264 auri,
2073 4209 2271 4268 usque
2321 4190 2401 4249 ad
2447 4197 2695 4267 tempus
2766 4189 3049 4267 redemp-

494 4295 689 4356 cionis
758 4295 1004 4376 pignori
1066 4296 1427 4376 obligasset,
1489 4316 1701 4374 ymmo
1750 4317 1825 4356 ex
1873 4317 2185 4357 consensu
2250 4304 2311 4356 et
2376 4296 2754 4380 admissione
2809 4297 3051 4354 Thome

491 4403 597 4463 filii
643 4403 869 4481 prefati
914 4403 1081 4462 Petri
1128 4403 1233 4462 filii
1282 4403 1475 4482 ipsius
1522 4404 1699 4464 Pauli
1747 4404 1893 4464 dicti
1940 4406 2179 4484 Vrdug,
2229 4413 2292 4464 et
2337 4412 2702 4464 cunctorum
2773 4403 3051 4477 aliorum,

499 4511 723 4590 quibus
772 4511 995 4570 eadem
1042 4517 1211 4570 terra
1258 4512 1461 4592 magis
1508 4513 1572 4570 in
1619 4513 1847 4592 pignus
1897 4511 2087 4590 recipi
2135 4519 2496 4590 conpeteret
2527 4531 2640 4570 seu
2673 4509 3051 4584 conveniret,

502 4617 781 4677 similiter
826 4619 906 4678 de
955 4637 1267 4678 consensu
1329 4629 1391 4679 et
1452 4619 1859 4698 permissione
1921 4619 2386 4699 ympignoravit
2433 4623 2642 4678 'coram
2707 4618 2884 4677 nobis
2935 4617 3054 4676 hoc

497 4745 813 4804 expreSSO,
860 4727 1028 4804 quod
1075 4727 1574 4805 quandocunque
1622 4727 1900 4806 prefatus
1964 4727 2243 4786 Thomas
2305 4726 2467 4785 filius
2516 4725 2661 4785 dicti
2724 4725 2890 4784 Petri
2947 4733 3054 4784 aut

493 4831 689 4910 ipsius
738 4833 1001 4892 heredes
1048 4853 1162 4892 seu
1207 4833 1309 4908 hii,
1358 4854 1623 4911 quorum
1671 4833 2050 4894 redemcioni
2099 4834 2302 4913 magis
2351 4833 2645 4910 competit
2691 4840 2859 4892 terra
2913 4851 3052 4910 pre-

492 4945 733 5012 notata,
779 4940 1045 4999 eandem
1095 4949 1324 5000 terram
1392 4961 1429 5001 a
1476 4941 1755 5019 predicto
1804 4941 2134 5001 Valentino
2194 4941 2244 4999 F
2249 4939 2717 5000 abianchewich
2773 4947 2880 4998 aut
2926 4939 3054 4998 suis
