3917 5592
777 410 862 473 66

779 634 840 686 et
889 626 1282 704 antiquarum
1331 634 1638 686 metarutn
1700 626 1861 686 dicte
1909 625 2327 705 possessionis
2384 626 2651 686 Prelaka
2702 643 2923 684 cursus
2971 634 3344 703 occupatam

781 734 993 808 fuisse,
1043 740 1106 794 et
1153 735 1234 794 ad
1281 735 1510 794 dictam
1578 734 2045 812 possessionem
2094 753 2310 795 eorum
2374 734 2644 793 Prelaka
2689 734 2752 792 in
2798 733 2891 793 sui
2951 731 3101 792 iuris
3146 732 3349 811 preiu-

782 841 1011 902 dicium
1077 842 1449 919 applicatam
1499 840 1774 901 extitisse
1824 840 2155 915 referebat,
2213 860 2403 919 quam
2460 840 2710 919 quidem
2758 838 3125 918 particulam
3184 848 3347 899 terre

783 950 949 1009 idem
997 948 1336 1026 capitulum
1393 947 1823 1027 Zagrabiense
1875 949 1957 1007 ad
2004 948 2236 1007 dictam
2296 948 2760 1025 possessionem
2810 966 3025 1007 eorum
3080 947 3347 1007 Prelaka

757 1057 1010 1136 ‘vigore
1059 1055 1408 1117 efficacium
1448 1055 1926 1135 priuilegialium
1974 1055 2319 1115 litterarum
2352 1055 2732 1115 serenissimi
2779 1055 3073 1135 principis
3121 1054 3354 1115 domini

789 1164 1062 1238 Andree,
1111 1164 1277 1240 olym
1323 1162 1513 1223 incliti
1560 1162 1728 1242 regis
1777 1163 2120 1242 Hungarie‚
2184 1163 2351 1222 clare
2399 1162 2881 1237 recordacioniS,
2918 1162 3035 1242 ipsi
3082 1163 3354 1241 capitulo

786 1271 1097 1351 pertinere
1146 1271 1478 1333 debentem
1527 1278 1813 1349 spectare
1849 1279 1912 1329 et
1943 1270 2102 1329 inter
2148 1278 2350 1329 metas
2398 1270 2679 1331 eiusdem
2723 1290 2909 1330 veras
2957 1280 3019 1331 et
3065 1270 3353 1349 antiquas

791 1380 853 1439 in
916 1378 1095 1439 dictis
1160 1378 1376 1438 litteris
1447 1378 1939 1458 priuilegialibus
2006 1378 2241 1438 seriose
2305 1387 2631 1439 contentas
2700 1378 3006 1453 adiacere,
3074 1378 3352 1456 prefatus

791 1504 941 1545 vero
995 1485 1270 1563 Mykech
1321 1486 1400 1545 ad
1446 1486 1789 1563 predictam
1853 1486 2320 1563 possessionem
2368 1505 2548 1544 suam
2596 1486 2910 1561 Hrychen,
2979 1486 3353 1546 hereditario

785 1593 938 1667 iure,
968 1600 1038 1653 ut
1068 1593 1392 1672 prefertur,
1439 1594 1644 1679 ipsum
1677 1593 2145 1673 contingentem
2192 1593 2503 1671 pertinere
2540 1601 2601 1652 et
2632 1593 2791 1652 inter
2839 1593 3119 1653 eiusdem
3152 1602 3352 1653 metas

788 1720 928 1763 esse
977 1708 1039 1761 et
1086 1702 1352 1762 existere
1400 1700 1783 1761 contrariose
1831 1702 2206 1781 allegabant,
2254 1701 2523 1780 primurn
2571 1720 2784 1760 coram
2814 1703 3152 1782 magnifico
3196 1686 3350 1775 'vir0,

788 1808 1039 1869 domino
1085 1808 1347 1868 Nicolao
1395 1809 1520 1869 filio
1571 1809 1892 1887 Stephani,
1941 1810 2260 1888 quondam
2293 1808 2599 1869 dictorum
2648 1828 2988 1889 regnorum
3018 1810 3185 1870 bano
3232 1811 3352 1871 litis

789 1914 1054 1977 materia
1107 1916 1410 1975 suscitata
1456 1915 1824 1995 diuciusque
1883 1935 2097 1976 coram
2144 1916 2281 1994 ipso
2348 1915 2600 1975 domino
2647 1916 2908 1977 Nicolao
2968 1918 3135 1979 bano
3183 1919 3355 1978 iuxta

789 2024 1248 2103 quamplurium
1293 2022 1637 2084 litterarum
1668 2024 1950 2084 eiusdem
1998 2024 2425 2083 continencias
2460 2023 2878 2085 diuersimode
2923 2026 3239 2101 ventilata,
3288 2034 3351 2087 et

791 2131 1042 2191 demum
1089 2138 1370 2209 tempore
1416 2131 1814 2209 procedente,
1879 2131 2117 2191 honore
2166 2130 2312 2191 dicti
2376 2131 2646 2191 banatus
2694 2150 2807 2211 per
2852 2132 3093 2213 regiam
3157 2133 3349 2193 maie-

791 2246 1017 2299 statem
1067 2237 1144 2298 ab
1192 2239 1329 2317 ipso
1377 2238 1602 2314 ablato,
1651 2258 1847 2299 causa
1890 2240 2174 2318 parcium
2220 2248 2549 2317 prenotata
2580 2238 2641 2298 in
2682 2240 3075 2319 presenciam
3122 2240 3353 2302 domini

792 2344 1036 2406 Nicolai
1084 2346 1162 2405 de
1207 2341 1498 2421 Sceech,¹
1545 2347 1711 2424 olym
1759 2326 2038 2407 similiter
2085 2347 2389 2407 dictorum
2436 2366 2773 2427 regnorum
2830 2348 2994 2423 bani,
3056 2348 3119 2409 in
3166 2368 3351 2428 quem

792 2454 994 2513 honor
1041 2453 1188 2513 dicti
1248 2454 1516 2514 banatus
1565 2474 1642 2515 ex
1690 2455 1864 2535 regie
1927 2454 2273 2517 maiestatis
2322 2454 2661 2515 dileccione
2708 2456 2998 2515 redactus
3047 2455 3349 2528 extiterat,
3392 2496 3411 2517 ,

791 2580 906 2640 pro
969 2560 1290 2621 maturiori
1360 2560 1816 2622 deliberacione
1886 2562 2179 2622 habenda
2249 2563 2521 2623 deducta
2580 2570 2643 2622 et
2698 2562 2761 2622 in
2825 2562 2958 2622 eius
3026 2563 3353 2641 presencia

793 2668 966 2729 iuxta
1009 2668 1234 2729 seriem
1281 2668 1624 2730 litterarum
1671 2670 1957 2729 eiusdem
2005 2670 2367 2729 multimode
2414 2679 2757 2750 prorogata
2803 2669 3131 2745 extitisset,-
3184 2679 3351 2749 post·

793 2795 1090 2855 remoque
1137 2776 1276 2856 ipsa
1343 2776 1624 2855 parcium
1699 2776 2179 2856 disceptacionis
2226 2758 2436 2851 causa,
2492 2778 2720 2855 adepto
2790 2758 3042 2838 interim.
3079 2797 3193 2856 per
3236 2797 3351 2837 nos

729 2858 743 2873 ’
793 2882 1006 2944 diuina
1051 2884 1391 2961 inspirante
1438 2883 1656 2964 gracia
1703 2904 1742 2945 a
1788 2884 1952 2944 dicto
2002 2884 2252 2944 domino
2298 2884 2619 2963 Stephano
2669 2886 2845 2959 duce,
2895 2884 3039 2945 dicti
3082 2885 3353 2945 banatus

793 2991 1045 3065 honore,
1092 3010 1206 3068 per
1251 2990 1487 3051 litteras
1535 2990 1682 3051 dicti
1730 2990 1962 3051 domini
2009 2990 2253 3051 Nicolai
2298 2992 2464 3066 bani,
2526 3000 2805 3053 nostram
2853 2993 2915 3052 in
2961 2992 3351 3071 presenciam

794 3100 1081 3173 deuenta,
1123 3107 1184 3158 et
1217 3099 1298 3158 ad
1325 3099 1591 3177 primam
1625 3099 2196 3181 congregacionem
2226 3108 2507 3175 nostram
2536 3100 2597 3159 in
2627 3100 2867 3161 octauis
2901 3099 3022 3160 diei
3054 3118 3352 3177 cynerum

792 3208 1072 3286 proxime
1119 3207 1446 3286 preteritiS,
1511 3208 1824 3287 Zagrabie
1873 3227 1987 3287 per
2037 3228 2155 3268 nos
2203 3209 2600 3281 celebratam,
2647 3227 2760 3286 pro
2806 3207 2977 3268 finali
3037 3206 3351 3267 decisione

791 3316 857 3375 in
889 3316 1112 3375 eadem
1140 3315 1446 3389 habenda,
1497 3315 1754 3375 dilatata
1783 3323 1844 3375 et
1876 3316 2103 3376 deinde
2151 3316 2321 3375 iuxta
2351 3315 2578 3375 seriem
2623 3316 2967 3381 litterarum
2998 3322 3351 3374 nostrarum

794 3424 874 3482 ad
936 3443 1100 3483 nunc
1163 3423 1466 3483 instantes
1514 3431 1774 3483 octauas
1844 3423 1988 3482 sesti
2047 3442 2273 3501 passce
2336 3422 2568 3483 domini
2621 3422 2736 3481 sub
2806 3422 3009 3482 forma
3071 3421 3355 3482 faciende

792 3530 966 3609 pacis
1012 3540 1353 3611 prorogata
1400 3532 1719 3591 extitisset.
1767 3532 1910 3609 Ipso
1959 3531 2267 3609 siquidem
2313 3530 2578 3591 termino
2620 3538 3021 3604 occurrente,
3050 3528 3359 3607 prenomi-

719 3700 730 3709 ,
793 3647 942 3699 nato
973 3640 1248 3717 Mykech
1279 3638 1409 3699 filio
1441 3640 1736 3699 Kelemes
1783 3640 2195 3718 personaliter
2228 3640 2306 3698 ab
2337 3658 2477 3713 una,
2528 3647 2590 3698 et
2621 3638 2891 3698 discreto
2925 3638 3075 3712 viro,
3106 3636 3358 3697 domino

795 3746 1086 3821 Iohanne,
1141 3747 1601 3823 archydiacono
1643 3747 1720 3806 de
1755 3746 2044 3806 Guerche
2097 3766 2209 3824 pro
2257 3746 2393 3823 ipso
2442 3745 2711 3823 capitulo
2758 3743 3171 3825 Zagrabiensi
3218 3762 3361 3803 cum

798 3854 1238 3932 procuratoriis
1287 3854 1505 3914 litteris
1547 3855 1909 3914 eorumdem
1956 3862 2135 3932 parte
2169 3873 2246 3913 ex
2280 3855 2475 3913 altera
2523 3872 2735 3913 coram
2768 3852 2947 3913 nobis
2996 3851 3359 3925 constitutis,

797 3962 990 4039 petita
1059 3962 1231 4040 prius
1295 3970 1356 4021 et
1417 3963 1672 4021 obtenta
1722 3982 1760 4021 a
1804 3962 1985 4022 nobis
2058 3960 2434 4021 reformandi
2495 3960 2771 4035 licencia,
2837 3980 2949 4039 per
3014 3959 3361 4037 predictum

795 4069 1071 4146 Mykech
1115 4069 1307 4130 filiurn
1378 4070 1672 4131 Kelemes
1719 4070 2107 4148 propositum
2167 4070 2364 4129 extitit
2410 4088 2651 4150 organo
2716 4069 2860 4128 vive
2906 4066 3080 4128 vocis
3142 4075 3207 4128 et
3265 4086 3359 4127 re·

794 4178 1005 4252 latum,
1053 4186 1121 4236 vt
1153 4178 1294 4237 licet
1340 4178 1475 4256 ipse
1523 4177 1870 4255 predictum
1903 4178 2240 4255 capitulum
2288 4177 2717 4256 Zagrabiense
2753 4195 2941 4255 super
2984 4182 3151 4235 tacto
3199 4174 3361 4234 dicte

797 4284 1098 4362 particule
1145 4292 1309 4343 terre
1356 4284 1643 4365 litigiose,
1692 4304 1883 4363 quam
1917 4304 1954 4343 a
1987 4284 2267 4363 predicto
2317 4284 2587 4362 capitulo
2635 4284 2885 4345 nomine
2931 4281 3219 4362 premissi
3265 4280 3358 4342 sui

794 4392 946 4451 iuris
994 4411 1205 4451 coram
1254 4392 1433 4452 nobis
1481 4392 1630 4451 iuris
1679 4391 1894 4452 ordine
1941 4392 2251 4469 premisso
2300 4393 2486 4451 modo
2535 4391 2908 4470 requirebat,
2972 4390 3249 4471 legitime
3296 4389 3359 4448 in

797 4518 1056 4559 causam
1104 4500 1439 4574 attraxerit,
1506 4508 1716 4559 tamen
1764 4500 1910 4578 quia
1972 4499 2319 4578 predictam
2364 4508 2531 4559 terre
2588 4476 2959 4576 particulam
3006 4497 3359 4577 litigiosam,

795 4606 1052 4667 cerciori
1099 4606 1592 4686 inuestigacione
1640 4606 1971 4684 prehabita
2004 4606 2084 4665 ad
2117 4605 2583 4684 possessionem
2630 4605 2777 4665 dicti
2826 4603 3077 4683 capituli
3122 4604 3361 4683 Zagra·

792 4712 1028 4773 biensis
1073 4714 1342 4773 Prelaka
1389 4714 1768 4773 antedictam
1815 4713 1986 4773 omni
2030 4712 2165 4772 iure
2205 4712 2515 4795 pertinere
2562 4712 2795 4773 debere
2844 4720 2905 4771 et
2950 4712 3113 4771 intra
3158 4718 3360 4769 metas

797 4821 1079 4881 eiusdem
1127 4840 1310 4880 veras
1359 4829 1420 4881 et
1468 4820 1756 4899 antiquas
1803 4820 1865 4879 in
1912 4819 2093 4880 dictis
2140 4820 2358 4880 litteris
2398 4818 2887 4899 priuilegialibus
2937 4817 3080 4878 dicti
3129 4815 3361 4876 domini

797 4930 1048 4999 Andree
1097 4928 1264 5021 regis
1313 4919 1546 4994 'seriose
1577 4936 1901 4997 contentas
1951 4927 2235 5009 existere,
2284 4948 2359 4987 ex
2394 4928 2553 4996 serie
2604 4927 2966 4993 earumdem
3010 4924 3355 4995 litterarum
