3917 5592
3044 443 3132 506 49

1777 655 1926 723 48.

783 855 968 915 Anno
1026 851 1208 915 1333.
1267 853 1362 915 13.
1412 855 1638 935 aprilis,

579 1067 831 1131 Coram
877 1064 1182 1151 capitulo
1229 1065 1550 1130 eeclesiae
1596 1065 2115 1150 Zagwabz‘ensi&
2187 1065 2402 1144 Iwan,
2450 1068 2707 1145 Raden,
2756 1068 3139 1147 Barnabas,

575 1172 841 1254 Maren,
915 1172 1304 1257 Gregorius
1348 1176 1414 1237 et
1472 1171 1788 1252 ThomaS,
1849 1174 2355 1257 possessionem
2402 1194 2644 1240 eorum
2698 1174 3139 1252 Cozm‘cham,

777 1280 1079 1366 triginta
1125 1279 1394 1345 duabus
1440 1280 1702 1344 marcis
1755 1278 2025 1345 Chernk
2058 1279 2222 1366 filio
2268 1282 2561 1361 Pansae,
2605 1281 2932 1348 vendunt.

790 1496 1152 1576 Capitulum
1182 1496 1444 1557 ecclesie
1493 1495 1941 1576 Zagrabiensis
1974 1496 2263 1556 omnibus
2296 1497 2529 1558 Christi
2561 1498 2846 1559 fidelibus
2878 1517 3139 1578 presens

577 1604 874 1683 scriptum
920 1603 1292 1682 inspecturis
1367 1604 1630 1663 salutem
1679 1603 1742 1663 in
1790 1604 2068 1663 omnium
2130 1605 2461 1665 saluatore.
2554 1604 2655 1665 Ad
2706 1603 3139 1665 vniuersorum

576 1711 868 1773 noticiam
937 1714 1163 1772 harum
1209 1712 1370 1772 serie
1441 1713 1730 1772 volumus
1776 1711 2125 1791 peruenire,
2197 1714 2364 1792 quod
2410 1712 2583 1773 Iwan
2656 1713 2817 1773 filius
2880 1714 3137 1787 Dazlau,

574 1822 792 1881 Raden
859 1820 1022 1880 filius
1087 1819 1324 1894 Obrad‚
1395 1818 1724 1880 Barnabas
1781 1819 1943 1879 filius
2008 1819 2175 1895 laxa,
2244 1822 2469 1881 Maren
2530 1820 2691 1881 filius
2764 1820 3015 1881 Martini
3076 1829 3140 1882 et

576 1927 921 2008 Gregorius
990 1928 1154 1987 filius
1216 1927 1487 2000 Andree,
1559 1927 1838 1987 Thomas
1884 1927 2047 1987 filius
2117 1928 2405 2007 Chepani
2471 1948 2548 1989 ex
2608 1949 2735 1989 vna
2794 1939 2989 2007 parte,
3060 1950 3136 1991 ex

576 2036 772 2095 altera
819 2043 1030 2095 autem
1079 2034 1336 2094 Chern'k
1379 2034 1544 2094 filius
1592 2036 1800 2095 Pause
1848 2054 2061 2094 coram
2108 2035 2287 2094 nobis
2348 2036 2759 2115 personaliter
2805 2036 3138 2111 constituti,

575 2142 743 2203 idem
791 2143 980 2217 Iwan,
1050 2143 1286 2217 Raden,
1341 2141 1686 2217 BarnabaS,
1752 2142 1994 2216 Maren,
2060 2141 2407 2222 Gregorius
2454 2151 2517 2203 et
2563 2144 2842 2203 Thomas
2890 2162 3137 2222 posses-

577 2250 820 2309 sionem
883 2268 1101 2309 eorum
1171 2248 1557 2308 Coznicham
1604 2258 1895 2309 vocatam
1968 2248 2129 2309 vltra
2180 2251 2437 2324 Zauam,
2484 2249 2647 2309 inter
2706 2249 3141 2328 possessiones

577 2356 798 2416 Marco
845 2355 953 2415 filii
981 2356 1276 2432 Ladizlai,
1325 2356 1588 2433 Nicolay
1615 2356 1724 2415 filii
1755 2356 2017 2416 Arlandi
2064 2355 2470 2437 iobagionum
2500 2357 2577 2416 de
2608 2357 2818 2435 Selyn,
2864 2356 3141 2435 Mykech

576 2464 685 2523 filii
729 2464 934 2524 Micus
985 2464 1369 2538 existentem,
1436 2465 1514 2524 de
1562 2483 1872 2525 consensu
1921 2473 1985 2524 et
2029 2466 2348 2525 voluntate
2413 2466 2756 2526 eorundem
2803 2471 3139 2526 commeta-

577 2590 838 2631 neorum
885 2590 1158 2645 suorum,
1207 2571 1495 2632 dixerunt
1541 2578 1605 2631 et
1651 2572 1920 2632 confessi
1968 2579 2114 2631 sunt
2158 2592 2226 2632 se
2274 2573 2651 2647 vendidisse,
2699 2572 3030 2633 tradidisse
3080 2580 3143 2633 et

575 2678 936 2759 assignasse
985 2698 1126 2738 cum
1175 2679 1462 2739 omnibus
1509 2678 1872 2739 vtilitatibus
1907 2680 2053 2753 suis,
2102 2680 2393 2739 videlicet
2420 2679 2610 2753 siluiS,
2656 2678 2899 2755 fenetiS,
2946 2679 3141 2761 pratis

573 2806 648 2845 ac
713 2786 848 2846 aliis
896 2786 1186 2846 omnibus
1248 2787 1330 2846 ad
1396 2787 1663 2847 eandem
1711 2786 2156 2865 spectantibuS,
2230 2788 2542 2848 antedicto
2590 2786 2848 2847 Chernk
2909 2795 2972 2847 et
3029 2806 3141 2865 per

572 2914 716 2955 cum
763 2894 892 2954 suis
951 2894 1288 2955 heredibus
1335 2896 1762 2975 heiedumque
1826 2913 2083 2954 suorum
2132 2895 2601 2958 successoribus
2650 2895 2781 2955 iure
2837 2902 3139 2974 perpetuo

571 2996 1034 3081 possidendam,
1106 3002 1445 3062 tenendam
1491 3003 1724 3081 pariter
1771 3010 1835 3062 et
1877 3003 2251 3078 habendam,
2322 3022 2435 3081 pro
2482 3002 2741 3082 triginta
2787 3011 2849 3062 et
2895 3002 3139 3063 duabus

569 3109 796 3170 marcis
866 3110 1266 3170 denariorum
1311 3117 1560 3171 monete
1607 3110 2073 3190 ZagrabiensiS,
2146 3112 2328 3189 plene
2377 3111 2457 3170 ab
2506 3111 2729 3171 eodem
2802 3110 3029 3171 habitis
3078 3118 3141 3169 et

569 3217 836 3297 receptis
884 3226 950 3277 vt
997 3218 1302 3279 dixerunt.
1349 3220 1522 3278 Mete
1572 3226 1782 3278 autern
1829 3218 2025 3297 ipsius
2072 3218 2489 3298 possessionis
2549 3218 2711 3278 sicut
2754 3218 2933 3280 nobis
2982 3217 3137 3277 Gre-

569 3324 800 3405 goriuS‚
873 3326 1170 3385 sacerdos
1219 3325 1482 3385 ecclesie
1546 3324 1711 3385 beau‘
1759 3325 2022 3405 Georgii
2084 3304 2162 3385 de
2211 3324 2403 3400 Odra,
2478 3344 2666 3404 quem
2715 3325 2796 3385 ad
2851 3325 3138 3385 reambu-

569 3435 827 3494 landum
875 3434 1144 3494 eandem
1189 3432 1666 3509 transmisimuS,
1737 3435 1821 3494 ad
1866 3453 1982 3495 nos
2031 3435 2279 3495 rediens
2340 3434 2405 3495 in
2466 3433 2711 3512 scriptis
2760 3433 2961 3493 attulit
3020 3434 3141 3493 hoc

571 3541 789 3601 ordine
854 3540 1306 3621 distinguntur:
1377 3542 1580 3621 prima
1639 3550 1808 3601 meta
1869 3541 2083 3621 incipit
2146 3541 2207 3601 in
2272 3541 2465 3601 fluuio
2513 3540 2831 3601 Cozniche
2895 3549 3139 3614 vocatO,

577 3649 679 3709 vbi
728 3658 824 3710 est
870 3650 1057 3711 arbor
1101 3651 1332 3731 thopol,
1381 3651 1459 3711 ab
1506 3650 1650 3710 hinc
1697 3650 1871 3709 vadit
1915 3669 2029 3728 per
2076 3651 2343 3713 eandem
2399 3642 2857 3710 Choznicham¹
2905 3656 2968 3708 et
3014 3647 3139 3708 exit

573 3759 636 3818 in
684 3777 986 3839 magnum
1032 3760 1344 3835 Budesen,
1415 3778 1530 3839 per
1577 3760 1846 3819 eundern
1909 3758 2083 3818 vadit
2129 3758 2211 3818 ad
2251 3758 2554 3817 orientem
2603 3765 2664 3817 et
2710 3756 2996 3835 peruenit
3059 3756 3139 3817 ad

580 3867 942 3941 Prezekam,
989 3877 1054 3927 et
1097 3886 1210 3947 per
1257 3868 1524 3927 eandem
1570 3866 1742 3927 vadit
1788 3885 1995 3944 supra,
2042 3865 2327 3943 peruenit
2373 3866 2454 3924 ad
2498 3864 2758 3925 fluuium
2820 3863 3138 3937 Ribnicha,

577 3982 640 4035 et
699 3993 814 4052 per
885 3975 1153 4035 eandem
1217 3974 1392 4034 vadit
1460 3994 1651 4053 supra
1698 3984 1761 4033 et
1807 3976 1932 4036 exit
1994 3976 2075 4037 ad
2136 3976 2499 4049 Letuenam,
2572 3983 2634 4035 et
2693 3994 2807 4054 per
2868 3974 3135 4035 eandem

577 4081 748 4142 vadit
779 4100 986 4160 supra,
1033 4081 1322 4160 peruenit
1353 4083 1435 4142 ad
1468 4081 1922 4162 Ocruglichret,
1970 4104 2083 4161 per
2130 4083 2396 4143 eandem
2444 4082 2617 4142 vadit
2651 4082 2732 4143 ad
2762 4082 3139 4141 Breztouam

575 4190 867 4265 Mlacam,
939 4190 1045 4250 vbi
1095 4199 1192 4250 est
1238 4190 1424 4250 arbor
1483 4191 1663 4250 hrazt
1724 4209 1908 4250 cruce
1955 4190 2225 4270 signata,
2294 4190 2437 4250 inde
2485 4190 2657 4249 vadit
2713 4208 2825 4268 per
2872 4189 3139 4249 eandem

573 4298 952 4358 Breztouam
997 4299 1272 4358 Mlacam
1321 4307 1384 4358 et
1429 4298 1596 4359 cadit
1643 4300 1724 4359 ad
1769 4298 2030 4379 fluuium
2075 4300 2265 4373 Zaue,
2316 4307 2377 4358 et
2422 4318 2535 4377 per
2582 4298 2849 4358 eandem
2894 4298 3137 4357 Zauam

579 4402 753 4464 vadit
813 4423 1022 4483 supra,
1085 4406 1210 4465 exit
1257 4406 1338 4467 ad
1401 4405 1668 4480 Obonin,
1736 4424 1849 4485 per
1909 4406 2179 4465 eundem
2224 4404 2399 4465 vadit
2460 4407 2540 4465 ad
2601 4407 2963 4478 Letuenam,
3027 4424 3139 4482 per

573 4513 841 4601 eandem
901 4512 1076 4572 vadit
1137 4533 1335 4593 vsque
1402 4514 1690 4574 arborem
1751 4514 1930 4574 hrazt
1993 4531 2176 4572 cruce
2226 4512 2555 4592 signatam,
2629 4512 2770 4571 inde
2818 4512 2992 4570 vadit
3056 4512 3138 4569 ad

571 4620 776 4680 Ialseu
808 4620 1046 4680 Chreth
1095 4620 1240 4681 inde
1271 4640 1422 4681 vero
1471 4622 1552 4681 ad
1597 4620 1979 4681 Boznicham
2014 4629 2076 4681 et
2106 4641 2220 4699 per
2266 4622 2531 4681 eandem
2560 4620 2732 4679 vadit
2763 4626 2825 4679 et
2858 4618 3024 4679 cadit
3057 4621 3138 4679 ad

573 4726 1020 4805 Choznicham,
1067 4749 1180 4807 per
1226 4729 1491 4789 eandem
1539 4730 1712 4789 vadit
1760 4730 1862 4807 [et]
1899 4730 2185 4807 peruenit
2218 4730 2299 4789 ad
2346 4728 2615 4806 priorem
2646 4734 2879 4787 metam
2928 4727 3135 4807 ibique

573 4836 999 4897 terminantur.
1091 4838 1159 4896 In
1209 4836 1384 4896 cuius
1445 4836 1534 4896 rei
1580 4837 1964 4911 memoriam,
2030 4845 2354 4916 presentes
2422 4835 2844 4895 concessimus
2898 4834 3134 4894 litteras

575 4944 758 5029 sigilli
819 4945 1015 5010 nostri
1078 4944 1417 5009 munimine
1486 4944 1826 5009 roboratas.
1923 4946 2156 5010 Datum
2202 4944 2359 5009 feria
2430 4943 2622 5003 tercia
2670 4951 2812 5023 post
2873 4951 3133 5002 octauas
