3917 5592
3024 476 3155 537 333

595 697 863 757 fatorum
925 696 1134 779 Iacobi
1195 704 1259 755 et
1320 695 1612 755 Iohannis
1662 695 1742 755 ab
1789 694 2045 763 oriente,
2108 702 2170 754 et
2235 694 2394 754 inter
2448 702 2679 754 terram
2726 692 3153 771 quartaliciam

595 802 871 882 predicte
918 802 1168 863 domine
1229 802 1535 879 Elyzabet
1597 808 1660 861 et
1721 801 1998 879 ipsorum
2060 797 2325 861 filiorum
2389 820 2644 861 suorum
2708 800 2786 859 ab
2834 798 3156 859 occidente

596 908 780 968 sitam
826 916 890 969 et
935 909 1323 984 existentem,
1373 909 1530 968 duas
1579 927 1721 967 cum
1767 907 1983 968 media
2029 907 2449 968 dimensiones
2495 908 2665 987 wlgo
2714 906 2926 983 methy
2957 905 3156 966 dictas

594 1016 658 1077 in
704 1035 773 1075 se
821 1015 1270 1090 continentem3
1320 1016 1466 1075 item
1517 1015 1715 1075 eciam
1764 1034 1956 1075 unam
2002 1023 2235 1074 terram
2284 1013 2584 1073 arabilem
2629 1013 3155 1089 Yarchenycham

594 1124 765 1205 wlgo
813 1123 1061 1197 dictam,
1129 1123 1288 1183 inter
1356 1132 1585 1182 terram
1659 1122 1957 1181 arabilem
2027 1120 2445 1199 predictorum
2493 1119 2703 1180 Iacobi
2759 1128 2822 1180 et
2867 1118 3157 1180 Iohannis

594 1230 858 1291 filiorum
908 1230 1053 1289 dicti
1084 1228 1397 1289 Valentini
1445 1229 1524 1287 ab
1572 1228 1827 1303 oriente,
1877 1235 1940 1287 et
1970 1228 2130 1287 inter
2157 1236 2389 1288 terram
2420 1226 2848 1306 quartaliciam
2880 1226 3157 1304 predicte

595 1338 844 1399 domine
891 1337 1236 1414 Elyzabeth
1283 1344 1346 1396 et
1391 1336 1668 1414 ipsorum
1713 1335 1983 1395 filiorum
2047 1353 2303 1394 suorum
2366 1336 2444 1394 ab
2494 1334 2817 1393 occidente
2880 1333 3157 1394 habitam

596 1457 658 1506 et
704 1446 1015 1517 situatam,
1064 1445 1222 1504 duas
1268 1444 1689 1504 dimensiones
1735 1444 1904 1522 wlgo
1952 1443 2165 1519 methy
2213 1442 2411 1502 dictas
2476 1442 2538 1500 in
2587 1460 2656 1500 se
2718 1440 3155 1500 continentem,

596 1561 659 1613 et
706 1553 858 1612 alias
908 1551 1112 1611 ubivis
1158 1552 1220 1610 in
1269 1550 1581 1610 communi
1638 1552 1792 1622 loc0,
1857 1549 2149 1609 videlicet
2207 1549 2271 1607 in
2330 1547 2581 1627 pascuis
2652 1555 2715 1607 et
2760 1548 2823 1606 in
2868 1546 3153 1606 fenilibus

596 1680 670 1720 ac
718 1661 779 1719 in
827 1658 998 1719 silvis
1046 1668 1107 1745 et
1170 1658 1550 1719 memoribus
1599 1678 1674 1740 ac
1722 1658 1900 1737 aquis
1969 1666 2032 1717 et
2082 1676 2386 1736 aquarum
2453 1655 2835 1729 decursibuS‚
2898 1655 3152 1715 totalem

594 1768 952 1846 porcionem
978 1766 1542 1845 possessionariam
1574 1766 1768 1845 ipsius
1808 1766 2077 1825 condam
2106 1763 2325 1841 Kyrini
2351 1764 2569 1834 Sobar,
2602 1763 2953 1841 ubicunque
2987 1760 3152 1822 idem

594 1873 869 1952 Kyrinus
915 1873 1121 1934 Sohar
1167 1873 1437 1952 aliquam
1469 1873 1828 1951 porcionem
1860 1870 2423 1950 possessionariam
2469 1889 2668 1949 usque
2710 1888 2873 1929 nunc
2920 1869 3152 1928 habere

596 1981 1051 2055 dinoscebatur,
1101 1999 1240 2039 cum
1289 1980 1576 2039 omnibus
1625 1980 1754 2038 suis
1813 1978 2194 2051 utilitatibus,
2242 1976 2664 2055 proventibuS,
2713 1976 2945 2050 usibus»,
2992 1976 3153 2035 fruc-

595 2088 991 2148 tuositatibus
1042 2107 1110 2147 er
1156 2086 1554 2165 pertinenciis
1601 2085 1926 2159 universiS,
1976 2106 2014 2145 a
2045 2084 2339 2163 predictis
2370 2082 2870 2161 possessionibus
2920 2090 2981 2142 et
3011 2102 3150 2160 por-

594 2196 874 2256 cionibus
921 2194 1432 2274 possessionariis
1481 2194 1938 2273 sepedictorum
1988 2192 2197 2251 Iacobi
2246 2203 2309 2251 et
2340 2190 2629 2251 Iohannis
2677 2190 2940 2250 filiorum
2974 2208 3151 2267 sepe-

597 2304 706 2364 fati
754 2302 1064 2363 Valentini
1123 2289 1192 2361 et
1239 2302 1317 2361 ab
1383 2300 1642 2361 aliorum
1707 2300 1940 2361 iuribus
2004 2298 2513 2377 possessionariis
2576 2304 3043 2377 separaverunt,
3092 2304 3155 2355 et

595 2412 861 2470 eandem
909 2409 1312 2469 medietatem
1357 2428 1489 2467 sew
1535 2407 1894 2485 porcionem
1942 2406 2505 2485 possessionariam
2553 2404 2877 2483 sepius-fati
2935 2401 3153 2481 Kyrini

591 2517 792 2577 Sohar
823 2518 1010 2577 modo
1041 2516 1346 2594 premisso
1380 2523 1810 2593 expressatam
1831 2522 1893 2573 et
1917 2513 2359 2593 specificatam,
2386 2533 2528 2573 cum
2560 2492 2881 2591 premissis
2912 2510 3152 2571 cunctis

594 2623 723 2683 suis
771 2622 1150 2696 utilitatibus,
1199 2621 1621 2700 proventibuS,
1668 2620 2203 2681 fructuositatibus
2267 2606 2329 2679 et
2376 2618 2773 2698 pertinenciis
2828 2617 3153 2691 universi3‚

595 2730 912 2809 sepedicte
961 2729 1209 2790 domine
1257 2729 1602 2806 Elyzabeth
1654 2738 1718 2788 et
1763 2728 1940 2789 dictis
1988 2727 2128 2787 filiis
2177 2728 2323 2803 suiS‚
2358 2726 2661 2805 premisso
2708 2726 2842 2785 iure
2889 2724 3040 2803 ipsis
3066 2725 3155 2783 in-

595 2838 925 2911 cumbenti,
976 2857 1050 2898 ac
1112 2856 1224 2915 per
1287 2856 1397 2896 eos
1460 2836 1735 2915 ipsorum
1799 2836 2134 2895 heredibus
2198 2843 2549 2923 statuerunt
2609 2842 2911 2912 perpetuo
2959 2832 3156 2911 possi-

597 2947 868 3007 dendam
917 2954 979 3005 et
1025 2945 1589 3023 quomodocunque
1641 2942 1902 3003 voluerit
1948 2943 2120 3002 iuxta
2166 2943 2344 3023 regni
2392 2941 2904 3002 consvetudinem
2952 2940 3157 3017 dispo-

596 3055 868 3117 nendam
934 3054 1182 3113 nemine
1245 3054 1491 3131 penitus
1554 3052 2035 3127 contradicente,
2095 3051 2289 3111 tribus
2338 3051 2557 3111 diebus
2614 3048 2918 3109 continuis
2966 3056 3030 3109 et
3073 3050 3157 3108 le-

599 3161 856 3241 gittimis
903 3160 1074 3220 iuxta
1109 3160 1288 3240 regni
1322 3160 1834 3219 consvetudinem
1881 3178 2124 3219 moram
2157 3159 2386 3218 ibidem
2414 3158 2713 3217 facientes
2746 3158 3156 3235 personalem.

599 3270 665 3329 In
698 3287 961 3345 quorum
989 3268 1266 3327 omnium
1298 3267 1746 3345 premissorum
1771 3267 2191 3327 testimonium
2242 3267 2725 3344 firmitatemque
2771 3274 3156 3343 perpetuam,

600 3374 992 3451 presentibus
1041 3374 1243 3453 sigilla
1291 3382 1506 3434 nostra
1553 3375 1733 3434 solita
1780 3375 2069 3434 duximus
2104 3375 2534 3452 appendenda.
2562 3374 2793 3433 Datum
2825 3373 3157 3459 Zagrabie,

599 3481 750 3541 feria
800 3488 1023 3559 quarta
1071 3482 1352 3558 proxima
1401 3490 1543 3541 ante
1590 3481 1818 3541 festum
1865 3480 2323 3559 purificacionis
2370 3481 2555 3540 beate
2602 3500 2852 3559 semper
2900 3480 3157 3560 virginis

603 3589 819 3661 Marie‚
869 3606 1033 3647 anno
1067 3588 1297 3649 domini
1331 3588 1655 3648 millesimo
1705 3590 2322 3669 quadringentesimo
2360 3589 2879 3668 quinquagesimo
2928 3588 3157 3666 quinto·

815 3710 1098 3779 Originale
1147 3712 1588 3779 membraneum,
1643 3711 1889 3779 pendent
1940 3712 2051 3765 duo
2106 3711 2295 3765 attrita
2346 3710 2545 3781 sigilla,
2596 3712 2839 3781 primum
2890 3727 2925 3764 a
2975 3726 3157 3777 rosea,

599 3800 754 3853 aliud
791 3816 828 3854 a
863 3800 1029 3853 viridi
1069 3800 1282 3854 sericea
1320 3817 1483 3854 zona.
1537 3802 1594 3853 ln
1635 3800 1869 3854 archivo
1911 3801 2100 3854 accad.
2141 3800 2333 3855 scient.
2374 3804 2429 3853 et
2466 3801 2671 3853 artium
2712 3802 2925 3855 Slavor.
2968 3800 3159 3861 merid.

600 3877 920 3957 Zagrabiae.
2782 3878 2787 3882 ²

825 4070 838 4098 ¹
878 4069 958 4123 sic
996 4067 1434 4139 (statucionem).
