3917 5592
784 417 913 480 288

780 633 1044 692 filiorum
1092 631 1375 692 eiusdem
1420 632 1699 708 Mathye,
1748 632 1852 692 filii
1900 632 2095 710 ipsius
2141 630 2399 691 Martini
2448 630 2556 691 filii
2602 631 2750 691 dicti
2808 631 3041 704 Dezen,
3088 629 3348 689 fratrum

780 758 928 798 vero
976 757 1231 800 suorum
1282 737 1665 799 uterinorum
1712 748 1775 798 et
1809 738 2152 798 carnalium
2199 738 2518 816 personis;
2567 737 2718 797 item
2748 737 2813 801 in
2848 736 3134 816 personis
3160 739 3342 796 unius

780 853 843 904 et
890 845 1142 905 alterius
1212 845 1473 922 Mathye
1536 853 1601 904 et
1660 845 1932 904 Emerici
2000 845 2262 904 filiorum
2325 845 2592 904 condam
2655 844 2872 903 Guren
2934 841 3040 902 filii
3085 841 3344 920 predicti

776 953 1031 1011 Martini
1078 952 1186 1012 filii
1234 952 1428 1030 ipsius
1476 953 1709 1025 Dezen,
1758 970 1833 1012 ac
1880 952 1943 1011 in
2005 951 2290 1029 personis
2358 953 2600 1011 Thome
2649 959 2713 1010 et
2756 949 3024 1010 Emerici
3077 949 3342 1009 filiorum

776 1060 1043 1119 condam
1092 1059 1351 1119 Fabiani
1398 1059 1505 1118 filii
1552 1059 1811 1137 predicti
1845 1059 2061 1118 Guren
2112 1058 2214 1118 filii
2263 1059 2458 1137 ipsius
2509 1058 2761 1117 Martini
2791 1057 2899 1117 filii
2929 1057 3074 1117 dieti
3107 1056 3340 1130 Dezen,

774 1176 835 1226 et
883 1166 944 1225 in
992 1185 1263 1244 persona
1308 1166 1489 1225 Pauli
1537 1166 1642 1226 filii
1690 1165 1960 1226 Emerici
2006 1167 2114 1226 filii
2155 1167 2350 1245 ipsius
2385 1167 2616 1240 Guren‚
2665 1165 2772 1224 filii
2817 1164 3039 1242 prefati
3087 1164 3338 1224 Martini

770 1273 875 1333 filii
922 1273 1115 1351 ipsius
1164 1274 1395 1346 Dezen,
1446 1292 1521 1332 ac
1568 1274 1630 1332 in
1693 1275 1978 1351 personis
2028 1274 2271 1334 Thome
2320 1282 2382 1333 et
2431 1272 2736 1332 Dominici
2785 1272 3049 1331 filiorum
3077 1271 3334 1351 Georgii

768 1381 874 1441 filii
921 1381 1182 1459 predicti
1228 1380 1481 1440 Martini
1529 1381 1635 1440 filii
1681 1380 1877 1458 ipsius
1924 1381 2157 1454 Dezen,
2217 1399 2460 1440 necnon
2507 1381 2570 1439 in
2617 1398 2889 1458 persona
2937 1378 3178 1439 Nicolai
3231 1378 3337 1437 filii

768 1489 1057 1548 Barnabe
1103 1487 1211 1548 filii
1258 1488 1541 1548 eiusdem
1586 1487 1842 1548 Martini
1888 1487 1996 1547 filii
2027 1487 2250 1566 prefati
2299 1488 2531 1562 Dezen,
2569 1506 2643 1546 ac
2675 1487 2736 1546 in
2771 1505 3042 1565 persona
3073 1486 3333 1546 aliorum

768 1597 1046 1656 omnium
1093 1596 1354 1656 fratrum
1387 1596 1681 1674 ipsorum,
1728 1603 1857 1655 tam
1892 1596 2233 1656 carnalium
2261 1615 2450 1675 quam
2475 1596 2863 1674 patruelium,
2898 1594 3332 1675 generacionis

769 1703 1064 1781 ipsorum,
1113 1723 1151 1764 a
1181 1703 1461 1782 predicto
1495 1704 1712 1763 Dezen
1755 1703 1945 1763 fratre
1979 1704 2246 1762 condam
2279 1704 2559 1780 patruele
2607 1702 2829 1781 prefati
2857 1704 3124 1762 condam
3155 1702 3330 1761 Pauli

769 1811 915 1872 dicti
960 1813 1182 1891 Wrag‚
1246 1831 1387 1870 awo
1450 1809 1739 1870 videlicet
1802 1830 1917 1870 seu
1980 1830 2237 1888 proawo
2287 1820 2394 1870 aut
2467 1812 2670 1870 abavo
2739 1811 3013 1889 ipsorum
3067 1810 3127 1869 in
3175 1829 3326 1870 vera

766 1920 931 1980 linea
977 1919 1534 1999 consagvineitatis
1599 1937 1814 1979 eorum
1886 1919 2536 1978 condescendencium
2592 1927 2655 1979 et
2715 1918 3330 1996 condependencium

762 2027 1063 2106 personiS,
1115 2036 1443 2105 tamquam
1489 2033 1858 2104 procurator
1905 2045 2123 2086 eorum
2170 2027 2501 2106 legitimus,
2550 2036 2618 2085 ut
2667 2033 2855 2099 actor,
2916 2045 3057 2084 cum
3104 2045 3328 2104 propo-

762 2135 1161 2196 sicionalibus
1210 2135 1425 2194 litteris
1473 2134 1721 2207 nostriS,
1750 2143 1969 2194 contra
2001 2135 2278 2196 Blasium
2309 2135 2502 2195 filium
2534 2135 2825 2211 Symonis
2860 2133 3002 2194 dicti
3033 2134 3326 2210 Mayhen,

762 2243 866 2302 filii
893 2244 1160 2302 condam
1192 2243 1452 2319 Mathye
1488 2242 1941 2318 Myczkowych
1978 2242 2417 2322 cognominati,
2471 2251 2537 2301 ut
2584 2243 2646 2302 in
2679 2261 2938 2302 causam
2971 2249 3316 2313 attractum,

760 2350 1082 2429 proposuit
1129 2368 1204 2410 eo
1237 2350 1425 2408 modo
1453 2368 1667 2409 coram
1697 2349 1895 2423 nobiS,
1944 2357 2012 2408 ut
2062 2350 2196 2428 ipse
2245 2350 2490 2409 Blasius
2537 2350 2937 2427 Mayhenych
2969 2350 3031 2408 in
3065 2368 3321 2410 causam

762 2465 1079 2530 attractuS,
1152 2456 1551 2517 medietatem
1614 2456 2047 2516 universarum
2109 2457 2576 2535 possessionum
2645 2465 2706 2516 et
2772 2457 3135 2535 porcionum
3183 2477 3321 2535 pos-

760 2564 1273 2624 sessionariarum
1306 2563 1566 2641 predicti
1596 2565 1867 2624 condam
1898 2564 2074 2624 Pauli
2111 2565 2328 2644 Wrag‚
2360 2564 2424 2624 in
2455 2565 2736 2642 predicta
2763 2563 3040 2623 inferiori
3089 2565 3312 2643 Lomp·

758 2672 935 2733 nicza
982 2682 1045 2732 et
1091 2672 1225 2732 eius
1296 2690 1519 2750 campo
1566 2692 1679 2732 seu
1726 2671 2033 2733 territorio
2099 2691 2174 2732 ac
2219 2671 2616 2749 pertinenciis
2679 2671 3032 2732 habitarum
3081 2679 3144 2730 et
3192 2671 3316 2732 exi-

755 2780 1074 2854 stencium,
1108 2779 1329 2858 quovis
1360 2779 1627 2839 nominis
1660 2780 1966 2838 vocabulo
2001 2780 2429 2852 v‘ocitatarum,
2461 2798 2574 2858 pro
2607 2798 2676 2838 se
2709 2779 2845 2857 ipso
2879 2778 3306 2856 potencialiter

754 2896 1125 2966 occupasset
1186 2895 1249 2947 et
1310 2896 1684 2965 occupatam
1730 2886 2037 2947 detineret
2085 2906 2160 2946 ac
2207 2888 2430 2946 eadem
2481 2895 2757 2947 uteretur
2800 2886 3000 2948 eciam
3047 2886 3126 2946 de
3174 2905 3310 2964 pre·

758 2995 934 3069 senti,
982 2995 1045 3054 in
1092 2995 1433 3073 dampnum
1480 3002 1545 3054 et
1588 2994 1997 3072 preiudicium
2045 2994 2194 3054 iuris
2259 2994 2736 3072 possessionarii
2808 2993 3002 3072 ipsius
3049 2993 3316 3054 Emerici

756 3103 983 3163 actoris
1028 3111 1093 3162 et
1140 3102 1445 3162 dictorum
1490 3101 1752 3162 fratrum
1800 3121 2073 3176 suorum,
2128 3110 2260 3162 tam
2305 3102 2648 3162 carnalium
2694 3121 2882 3181 quam
2945 3101 3315 3179 patruelium

755 3230 878 3270 non
928 3209 1257 3283 modicum,
1304 3227 1451 3268 nam
1484 3209 1623 3288 ipsa
1654 3209 1958 3269 medietas
2005 3208 2308 3269 dictarum
2355 3209 2825 3288 possessionum
2859 3217 2921 3268 et
2951 3208 3314 3287 porcionum

756 3316 1392 3395 possessionariarum
1456 3315 1681 3394 prefati
1744 3317 2011 3376 condam
2069 3317 2246 3376 Pauli
2315 3318 2534 3397 Wrag‚
2604 3335 2793 3395 quam
2863 3316 2999 3394 ipse
3067 3315 3314 3375 Blasius

752 3426 1152 3502 Mayhenych
1214 3424 1644 3502 potencialiter
1705 3425 2052 3504 occupavit,
2121 3444 2334 3501 ymmo
2403 3424 2536 3502 ipse
2600 3443 2820 3484 omnes
2881 3424 3312 3502 possessiones

751 3542 815 3592 et
858 3532 1185 3611 porciones
1233 3531 1735 3610 possessionarie
1784 3533 1929 3592 dicti
1977 3532 2245 3592 condam
2293 3533 2470 3592 Pauli
2518 3534 2722 3613 Wrag
2782 3531 2844 3591 in
2891 3531 3170 3610 predicta
3215 3533 3310 3591 In-

748 3640 955 3700 feriori
1001 3640 1391 3718 Lompnicza
1422 3649 1485 3700 et
1512 3640 1647 3700 eius
1670 3640 1980 3700 territorio
2013 3659 2088 3700 ac
2119 3639 2515 3718 pertinenciis
2563 3639 2790 3714 habite,
2837 3640 3054 3718 pocius
3107 3639 3312 3718 ipsum

748 3748 1103 3809 Emericum
1144 3755 1419 3807 actorem
1466 3756 1531 3808 et
1576 3748 1777 3807 dictos
1806 3748 2032 3808 fratres
2064 3767 2231 3822 suos»,
2258 3757 2388 3808 tam
2413 3749 2698 3808 carnales
2745 3767 2934 3827 quam
2980 3749 3311 3826 patrueles,

748 3866 1073 3935 tamquam
1122 3873 1307 3915 veros
1356 3855 1859 3936 consangvineos
1906 3864 1972 3914 et
2013 3856 2239 3915 fratres
2309 3857 2624 3934 patrueles
2689 3855 3069 3934 propinquos
3117 3855 3309 3934 ipsius

749 3964 1017 4022 condam
1064 3962 1243 4021 Pauli
1274 3963 1479 4041 Wrag
1525 3962 1657 4022 iure
1702 3961 2044 4022 nobilitatis
2097 3963 2472 4022 hereditario
2507 3982 2883 4024 concernere
2931 3973 2992 4023 et
3025 3973 3308 4043 spectare

748 4071 1153 4131 dinoscuntur
1183 4070 1261 4131 de
1309 4069 1459 4144 iure,
1509 4078 1572 4129 et
1601 4069 1663 4128 in
1697 4069 2282 4148 comprobacionem
2329 4071 2492 4130 dicte
2533 4089 2646 4130 sue
2677 4069 3094 4148 possessionis
3141 4071 3308 4132 idem

750 4178 1075 4238 Emericus
1108 4185 1298 4250 actor,
1332 4194 1401 4236 se
1434 4195 1707 4236 unacum
1736 4177 2032 4254 predictis
2061 4177 2354 4237 fratribus
2387 4178 2532 4247 suis,
2561 4188 2692 4238 tam
2725 4177 3076 4238 carnalibus
3107 4196 3301 4256 quam

747 4285 1147 4362 patruelibuS,
1198 4291 1402 4343 certas
1446 4284 1684 4344 litteras
1730 4283 1925 4361 ipsius
1975 4285 2140 4344 sedis
2189 4293 2399 4345 nostre
2447 4285 2764 4346 iudiciarie
2811 4286 3044 4345 habere
3099 4285 3304 4346 decla-

747 4393 944 4469 rabat,
992 4392 1215 4472 quibus
1262 4390 1680 4450 mediantibus
1742 4391 1876 4469 ipse
1924 4393 2248 4453 Emer-icus
2312 4401 2501 4467 actor,
2562 4393 2792 4453 dictam
2853 4413 3034 4454 suam
3081 4413 3304 4472 propo-

746 4500 1045 4560 sicionem
1071 4519 1184 4559 seu
1211 4498 1531 4558 accionem
1557 4517 1768 4557 coram
1815 4499 1995 4559 nobis
2021 4509 2084 4560 et
2105 4501 2256 4579 ipsis
2284 4501 2706 4561 assessoribus
2739 4500 2965 4561 nostris
2991 4501 3304 4561 affirmare

746 4616 808 4667 et
855 4607 1123 4686 probare
1170 4625 1357 4684 posse
1406 4605 1760 4679 asserebat3
1830 4626 1955 4684 quo
2005 4607 2215 4667 audito
2262 4608 2539 4686 prefatus
2589 4607 2834 4668 Blasius
2905 4609 3304 4686 Mayhenych

740 4712 805 4771 in
856 4731 1114 4772 causam
1164 4719 1482 4786 attractus,
1530 4711 1761 4772 ibidem
1807 4713 2002 4773 nostri
2051 4723 2113 4774 et
2159 4713 2434 4792 ipsorum
2498 4734 2890 4775 assessorum
2952 4723 3304 4776 nostrorum

735 4820 1143 4897 personaliter
1188 4821 1553 4898 exurgendo
1586 4819 1650 4879 in
1679 4821 2086 4898 presenciam,
2139 4823 2459 4900 respondit
2490 4843 2566 4882 ex
2599 4823 2884 4895 adverso,
2917 4832 2984 4882 ut
3010 4824 3291 4901 predicta

741 4925 1043 4985 medietas
1091 4927 1604 5004 possessionaria,
1652 4947 1845 5006 quam
1889 4927 2024 5006 ipse
2073 4929 2319 4989 Blasius
2367 4931 2430 4989 in
2489 4948 2748 4989 causam
2811 4937 3110 4990 attractus
3171 4949 3284 5009 pro
