3917 5592
3007 402 3137 507 20‘9

585 658 945 719 Ladislaum
993 660 1391 738 reperissent,
1437 659 1500 719 in
1547 656 1843 739 predictis
1908 668 2116 719 autem
2165 660 2564 739 porcionibus
2630 659 3140 739 possessionariis

582 767 776 845 ipsius
824 767 1095 839 Ladislai
1143 767 1206 827 in
1253 767 1420 827 dicta
1467 768 2086 847 Odrazenthgyurgh
2118 768 2346 828 habitis
2393 768 2456 827 in
2503 768 2606 828 lite
2655 768 3138 843 remanentibuS,

584 875 962 953 reperissent
1006 894 1199 935 unam
1248 876 1577 937 ecclesiam
1627 875 1957 954 lapideam,
2021 875 2404 955 sepulturam
2453 884 2516 935 et
2561 896 2752 935 unam
2799 875 3014 936 turrim
3063 876 3142 935 si-

584 982 807 1043 militer
868 982 1181 1061 lapideam
1243 984 1600 1059 habentem,
1665 982 1841 1043 cuius
1904 982 2212 1043 medietas
2274 983 2555 1044 eiusdem
2619 984 2890 1044 Ladislai
2953 994 3016 1043 et
3063 984 3143 1043 ad

584 1089 945 1168 porcionem
991 1109 1172 1150 suam
1220 1090 1551 1151 duodecim
1614 1091 1929 1151 sessiones
1976 1090 2426 1171 iobagionaleS,
2491 1092 2650 1151 duas
2697 1092 3034 1170 populosas
3083 1099 3144 1150 et

586 1199 805 1258 decem
852 1200 1153 1273 deserta8‚
1214 1218 1289 1259 ac
1336 1200 1415 1259 de
1475 1209 1647 1259 terra
1693 1198 1911 1259 arabili
1974 1198 2156 1259 simul
2204 1219 2344 1259 cum
2404 1199 2762 1259 nemoribus
2826 1200 2906 1259 ad
2968 1199 3142 1277 quin-

584 1306 889 1385 quaginta
935 1306 1158 1386 iugera
1219 1315 1382 1367 terre
1429 1307 1691 1381 usualia,
1755 1307 1894 1366 visu
1942 1307 2398 1367 considerando
2464 1307 2843 1385 reperissent
2891 1314 2953 1366 et
2999 1306 3141 1367 esti-

584 1421 880 1488 massent,
929 1433 1193 1492 quarum
1242 1414 1494 1492 quidem
1542 1413 2136 1488 reambulacionum,
2183 1424 2492 1474 metarum
2540 1415 2984 1489 ostensionum,
3047 1432 3141 1474 re-

584 1521 892 1581 visionum
941 1530 1006 1581 et
1053 1521 1531 1582 estimacionum
1566 1522 1793 1582 seriem
1846 1523 1927 1581 ad
1975 1522 2175 1582 dictas
2205 1529 2465 1582 octavas
2493 1523 2636 1582 testi
2666 1522 2836 1582 beati
2882 1521 3142 1603 Georgii

582 1630 869 1703 martiriS,
930 1637 1079 1689 tunc
1139 1637 1455 1703 venturaS,
1520 1630 1701 1690 nobis
1768 1630 2278 1708 rescripsissetis3
2347 1630 2571 1709 quibus
2636 1629 2886 1708 quidem
2949 1628 3141 1689 literis

583 1736 885 1811 exhibitis,
932 1738 1363 1815 prenominate
1423 1746 1637 1816 partes
1682 1737 1799 1797 sibi
1847 1738 1998 1816 ipsis
2047 1738 2108 1797 in
2155 1736 2475 1816 premissis
2521 1756 2634 1815 per
2680 1755 2795 1796 nos
2842 1736 3139 1796 iudicium

584 1854 647 1905 et
690 1844 999 1905 iusticiam
1046 1846 1181 1906 fieri
1230 1866 1343 1905 seu
1389 1844 1691 1924 impertiri
1736 1847 2164 1924 postularunt3
2213 1854 2278 1905 et
2321 1846 2468 1924 quia
2514 1853 2896 1906 memoratus
2955 1845 3141 1906 Ladi-

585 1954 754 2013 slaus
799 1954 862 2013 in
925 1954 1220 2030 dominyo
1283 1954 1561 2032 predicte
1626 1953 2043 2032 possessionis
2110 1954 2725 2034 Odrazenthgyurgh
2792 1962 3014 2013 vocate
3063 1973 3139 2014 ex

584 2060 987 2121 continenciis
1032 2061 1453 2139 predictarum
1483 2059 1801 2121 literarum
1849 2070 2200 2121 vestrarum
2243 2060 2673 2121 relatoriarum
2719 2080 2832 2121 seu
2878 2061 3139 2139 rescrip-

584 2167 915 2227 cionalium
978 2167 1112 2229 fore
1176 2177 1240 2228 et
1300 2187 1443 2229 esse
1512 2167 1957 2246 reperiebatur,
2025 2187 2142 2246 pro
2210 2187 2286 2227 eo
2333 2187 2449 2227 nos
2495 2187 2768 2227 unacum
2831 2167 3140 2228 nobilibus

584 2274 762 2354 regni
808 2276 1133 2335 nobiscum
1181 2276 1679 2336 adiudicantibus
1724 2274 2090 2351 iudicanteS,
2121 2276 2547 2337 commisimus
2595 2295 2672 2335 eo
2718 2276 2924 2349 mode,
2972 2276 3140 2354 quod

576 2381 935 2459 sepedictus
983 2382 1312 2443 Ladislaus
1371 2382 1681 2463 vigesimo
1742 2382 2009 2461 septimo
2057 2400 2126 2443 se
2184 2382 2508 2456 nobilibus,
2559 2382 2713 2442 feria
2756 2382 2953 2442 tercia
2998 2402 3137 2460 pro-

574 2490 743 2549 xima
788 2498 933 2568 post
976 2488 1207 2549 festum
1252 2490 1420 2550 beati
1451 2490 1661 2550 Iacobi
1709 2490 1975 2568 apostoli
2021 2510 2186 2549 nunc
2234 2498 2514 2564 ventura,
2563 2490 2644 2549 in·
2669 2489 2829 2550 facie
2863 2489 3138 2567 predicte

574 2605 738 2656 terre
784 2596 1072 2675 litigiose,
1136 2596 1432 2671 vestibuS,
1495 2597 1751 2674 dempta
1813 2596 2075 2656 camisia
2135 2604 2199 2657 et
2260 2596 2665 2657 femuralibus
2728 2606 2968 2671 exutuS,
3032 2616 3136 2675 pe-

575 2703 758 2763 dibus
792 2703 1184 2778 discalciatiS,
1232 2705 1587 2782 discoperto
1617 2703 1819 2782 capite
1868 2724 1936 2763 se
1987 2682 2185 2782 usque
2218 2724 2430 2783 genua
2475 2704 2538 2763 in
2583 2712 2818 2763 terram
2843 2702 3134 2778 fo'dendO,

576 2820 639 2871 et
686 2813 765 2871 de
814 2812 1037 2871 eadem
1082 2820 1253 2871 terra
1312 2810 1586 2891 litigiosa
1647 2830 1837 2870 unam
1884 2812 2210 2891 gumulam
2257 2831 2370 2871 seu
2417 2810 2784 2890 particulam
2845 2819 3010 2871 terre
3058 2812 3138 2871 ad

571 2936 795 2978 manus
843 2937 1070 2996 capere
1118 2927 1181 2978 et
1228 2919 1308 2979 ad
1356 2928 1544 2997 caput
1590 2920 1821 2991 levare,
1871 2926 1935 2977 et
1981 2919 2326 2977 secundum
2389 2918 2903 2978 consvetudinem
2951 2920 3131 2997 regni

574 3026 653 3085 ab
702 3025 955 3103 antiquo
1030 3018 1458 3103 approbatam,
1524 3026 1587 3085 in
1638 3044 1715 3085 eo
1770 3025 2186 3084 iuramentum
2237 3033 2534 3102 prestare,
2582 3027 2751 3104 quod
2812 3034 3140 3103 prenotata

570 3140 738 3192 terra
784 3131 1055 3211 litigiosa
1114 3133 1583 3212 progenitorum
1649 3151 1905 3191 suorum
1951 3140 2015 3191 et
2062 3141 2517 3210 consequenter
2579 3152 2694 3192 sua
2755 3132 3134 3192 hereditaria

574 3239 773 3313 tuerit,
836 3239 917 3299 sit
962 3248 1025 3299 et
1072 3240 1312 3315 existat,
1380 3241 1609 3300 debeat
1654 3248 1717 3299 et
1762 3247 2066 3313 teneatur,
2131 3240 2214 3299 ad
2274 3239 2600 3318 ipsamque
2659 3240 3133 3300 iuramentalem

578 3345 1042 3423 deposicionem
1090 3346 1425 3407 videndam
1472 3356 1535 3407 et
1582 3347 1957 3406 audiendam
2004 3347 2199 3406 nostri
2246 3357 2308 3406 et
2354 3346 2545 3407 vestri
2590 3347 2874 3407 homines
2919 3366 3136 3407 neces-

575 3453 741 3514 sario
790 3461 936 3513 sunt
980 3453 1348 3527 destinandi,
1396 3454 1538 3514 ideo
1588 3461 1859 3513 vestram
1908 3442 2254 3514 amiciciam
2286 3454 2678 3531 presentibus
2726 3454 2994 3532 petimus
3041 3474 3136 3514 re·

573 3570 879 3635 verenter,
927 3568 1237 3640 quatenus
1282 3569 1526 3621 vestros
1574 3560 1831 3621 mittatis
1880 3561 2166 3623 homines
2211 3581 2326 3640 pro
2373 3561 2649 3641 utrisque
2696 3562 2977 3639 partibus
3021 3581 3136 3640 pro

568 3668 940 3729 testimoniis
988 3668 1361 3749 fidedignos,
1423 3668 1650 3747 quibus
1714 3669 2113 3746 presentibus
2161 3668 2460 3729 Nicolaus
2522 3668 2685 3729 filius
2747 3669 3006 3749 Georgii
3051 3670 3132 3730 de

574 3777 965 3836 Adamowch
1015 3777 1117 3836 vel
1161 3775 1435 3836 Michael
1482 3776 1645 3836 filius
1676 3775 1949 3835 Simonis
1998 3776 2078 3835 de
2127 3776 2351 3835 eadem
2400 3784 2509 3835 aut
2553 3776 2787 3835 Paulus
2816 3776 2978 3836 filius
3027 3775 3132 3835 Ni-

570 3883 729 3943 colai
776 3884 854 3943 de
901 3883 1182 3961 predicta
1243 3884 1491 3944 Pribich
1539 3903 1653 3943 seu
1700 3883 2018 3943 Dionisius
2089 3884 2248 3943 filius
2311 3882 2580 3943 Emerici
2641 3884 2720 3942 de
2781 3884 3154 3962 Alsoglaw-‚

571 3991 777 4068 nycha
823 3990 956 4050 sive
1002 3991 1313 4050 Iohannes
1360 3990 1521 4050 filius
1585 3990 1799 4050 Iacobi
1845 3991 1922 4049 de
1973 3990 2344 4050 lazenowch
2407 4010 2523 4068 pro
2585 4001 2762 4068 parte
2827 3990 3133 4050 dictorum

571 4105 883 4171 actorum3
932 4098 1077 4157 item
1131 4098 1495 4157 Valentinus
1541 4098 1703 4157 filius
1750 4097 2052 4174 Stephani
2099 4097 2179 4156 de
2226 4097 2544 4156 Drenowa
2589 4097 2689 4156 vel
2739 4097 3016 4157 Thomas
3063 4098 3130 4157 li-

570 4212 809 4283 tera-tus
858 4206 935 4265 de
984 4205 1442 4285 Domagowich
1508 4220 1615 4264 aut
1676 4204 2033 4265 Demetrius
2095 4205 2258 4265 filius
2303 4204 2559 4264 Martini
2616 4206 2695 4264 de
2755 4206 3131 4264 Blaskowch

573 4332 685 4373 seu
732 4314 940 4371 Frank
986 4314 1149 4372 filius
1216 4312 1519 4390 Stephani
1568 4314 1645 4372 de
1692 4314 2116 4387 Symunowch
2165 4312 2260 4371 sin
2309 4313 2636 4372 Ladislaus
2699 4312 2861 4371 filius
2922 4314 3130 4372 Iacobi

571 4423 649 4483 de
713 4422 992 4497 Pezeryo
1057 4420 1189 4480 sive
1260 4421 1736 4480 Bartholomeus
1798 4421 1959 4480 filius
2031 4422 2324 4480 Matheus
2389 4422 2468 4481 de
2515 4422 2716 4480 Zenth
2778 4422 2949 4480 Iwan
3015 4440 3132 4481 ceu

568 4529 865 4588 Nicolaus
915 4548 995 4587 an
1057 4529 1366 4587 Iohannes
1414 4527 1520 4587 filii
1568 4527 1841 4587 Ladislai
1889 4529 1968 4587 de
2015 4528 2426 4602 Radomerch,
2485 4547 2598 4605 pro
2646 4536 2821 4606 parte
2871 4527 3016 4587 dicti
3063 4528 3126 4587 in

570 4654 829 4695 causam
878 4634 1140 4709 attracti,
1206 4634 1340 4694 aliis
1390 4634 1770 4709 absentibus,
1836 4635 2122 4695 homines
2170 4635 2381 4709 nostri,
2445 4634 2548 4713 qui
2597 4635 2696 4695 die
2742 4635 2804 4694 in
2852 4635 3132 4713 predicto

568 4744 649 4802 ad
695 4744 903 4801 locum
937 4750 1333 4820 prenotatum
1367 4743 1743 4815 accedendo,
1777 4742 2132 4802 huiusmodi
2163 4742 2580 4801 iuramentum
2627 4762 2740 4820 per
2784 4741 3130 4820 predictum

569 4850 929 4909 Ladislaum
976 4849 1163 4907 modo
1227 4849 1585 4926 supradicto
1649 4850 2088 4927 deponendum
2134 4850 2362 4923 videat,
2434 4849 2647 4909 audiat
2691 4857 2754 4909 et
2801 4848 3132 4929 diligenter

568 4958 901 5030 intueatur,
964 4964 1029 5015 et
1072 4965 1217 5034 post
1262 4957 1381 5014 hec
1426 4956 1737 5016 talismodi
1798 4956 2228 5015 iuramentalis
2288 4956 2706 5033 deposicionis
2769 4955 2998 5015 seriem
3045 4957 3126 5016 ad

2920 5074 2990 5129 14
