3917 5592
785 456 907 518 162

1966 675 2003 740 1
2025 672 2168 742 ⁷2.

993 888 1175 948 Anno
1233 887 1416 949 1410.
1466 890 1522 949 5.
1573 890 1862 951 octobris,
1909 891 2283 972 Zagrabiae.

784 1098 1035 1165 Coram
1063 1098 1348 1183 Matlzya
1365 1100 1529 1185 filio
1582 1100 1861 1187 Mykech
1891 1102 2139 1167 comite
2185 1104 2505 1168 terrestri
2538 1104 2787 1189 Campi
2828 1104 3337 1190 Zagrabiensis‚

781 1204 1038 1273 nobiles
1085 1204 1281 1293 iobag
1290 1206 1484 1272 iones
1529 1206 1611 1272 de
1655 1207 1973 1294 Rakarje,
2022 1213 2241 1275 metas
2279 1211 2756 1295 possessionis
2786 1211 3083 1299 Rakarje
3128 1212 3338 1278 deier-

1909 1318 2209 1383 minant.

991 1533 1124 1593 Nos
1156 1533 1452 1610 Mathyas
1486 1534 1648 1593 filius
1695 1534 1971 1610 Mykech
2004 1553 2215 1593 comes
2263 1534 2573 1598 terrestris
2623 1533 2850 1613 Campi
2894 1536 3340 1616 Zagrabiensis

781 1640 1078 1700 memorie
1111 1641 1624 1701 commendantes
1670 1649 1887 1700 tenore
1915 1641 2310 1719 presencium
2359 1640 2787 1721 significamus
2819 1642 3045 1721 quibus
3094 1645 3341 1723 expedit

781 1746 1107 1821 universiS,
1155 1748 1324 1826 quod
1357 1749 1580 1808 Petrus
1621 1747 1782 1807 filius
1831 1747 2091 1828 Georgii
2124 1755 2186 1807 et
2214 1748 2479 1808 Iacobus
2525 1748 2687 1808 filius
2734 1749 2881 1809 dicti
2926 1749 3111 1824 Petri,
3158 1751 3338 1811 Adri-

781 1872 956 1927 anus,
1005 1853 1358 1914 Anthonius
1392 1863 1454 1915 et
1485 1856 1692 1915 Lucas
1739 1854 1846 1915 filii
1892 1855 2185 1916 Iohannis
2218 1856 2323 1915 filii
2357 1855 2502 1916 dicti
2549 1856 2824 1935 Georgii,
2872 1857 3020 1918 item
3052 1858 3341 1919 Andreas

725 2034 730 2039 ,
781 1968 843 2020 et
874 1962 1182 2021 Iohannes
1229 1962 1336 2021 filii
1367 1963 1513 2036 Ielk,
1565 1962 1948 2037 ValentinuS,
1982 1963 2264 2023 Thomas
2293 1971 2357 2023 et
2382 1964 2643 2040 Symon.
2667 1963 2772 2023 filii
2803 1964 3026 2042 prefati
3073 1966 3341 2041 Andree,

780 2069 952 2127 Iwan
1022 2068 1184 2128 filius
1231 2068 1426 2148 ipsius
1497 2070 1811 2133 Iohannis,
1846 2070 1954 2129 filii
2002 2068 2147 2130 dicti
2212 2070 2341 2129 Ielk
2389 2078 2452 2129 et
2496 2070 2731 2130 Paulus
2800 2071 2961 2131 filius
3022 2073 3341 2133 Benedicti

779 2174 885 2235 filii
941 2175 1214 2236 iamdicti
1271 2177 1416 2251 Ielk,
1481 2176 1718 2237 nobiles
1781 2176 2149 2256 iobagiones
2215 2177 2402 2237 castri
2449 2178 2527 2255 de
2574 2178 2884 2254 Rakarya,
2956 2178 3017 2239 in
3061 2179 3339 2257 ipsorum

781 2302 856 2342 ac
903 2283 1217 2343 Valentini
1266 2292 1328 2343 et
1373 2284 1633 2361 Mathey
1683 2283 1948 2344 filiorum
1998 2284 2325 2344 memorati
2372 2284 2557 2358 Petri,
2629 2267 2921 2345 Iohannis
2967 2285 3073 2345 filii
3119 2286 3340 2366 prefati

779 2390 1038 2450 Adriani
1071 2398 1133 2450 et
1159 2390 1404 2451 Nicolai
1451 2392 1558 2451 filii
1588 2392 1857 2452 condam
1905 2391 2197 2471 Gregorii
2244 2391 2351 2451 filii
2380 2390 2527 2451 dicti
2572 2391 2865 2453 Iohannis
2913 2393 3021 2453 filii
3066 2392 3342 2475 Georgii,

781 2497 982 2557 Marci
1042 2506 1104 2557 et
1167 2498 1470 2576 Stephani
1541 2499 1806 2558 filiorum
1853 2499 2119 2577 sepefati
2186 2499 2508 2559 Benedicti
2556 2508 2620 2560 et
2663 2500 2819 2577 Elye
2884 2500 2992 2561 filii
3051 2502 3342 2563 Iohannis

781 2604 887 2665 filii
933 2604 1079 2666 dicti
1124 2606 1253 2666 Ielk
1300 2607 1380 2666 de
1427 2607 1594 2667 dicta
1639 2608 1949 2685 Rakarya,
2017 2615 2080 2667 et
2125 2607 2388 2668 aliorum
2436 2608 2859 2687 proximorum
2908 2608 3339 2670 universorum

783 2712 1168 2792 fratrumque
1218 2722 1281 2773 et
1327 2714 1937 2795 consangvineorum
1980 2714 2257 2794 ipsorum
2303 2715 2383 2774 de
2432 2714 2656 2775 eadem
2702 2716 2995 2793 Rakarya
3042 2717 3342 2796 personiS,

783 2840 1046 2899 quorum
1099 2840 1285 2881 omne
1353 2841 1511 2881 onus
1561 2830 1623 2882 et
1670 2840 2038 2901 gravamen,
2104 2821 2157 2882 si
2198 2821 2387 2881 iidem
2433 2822 2495 2881 in
2541 2821 2948 2901 infrascriptis
3010 2823 3341 2901 persistere

781 2928 1029 3001 nollent,
1095 2928 1158 2987 in
1206 2949 1274 2988 se
1324 2930 1812 3007 assumpmendo
1862 2930 1940 2989 ab
1994 2948 2147 3003 una3
2209 2930 2361 2989 item
2406 2929 2716 2989 Iohannes
2764 2939 2827 2989 et
2872 2930 3190 3009 Philippus
3237 2929 3344 2989 filii

781 3035 946 3111 Wlk‚
1015 3036 1256 3110 Petrus,
1327 3038 1560 3096 Paulus
1631 3046 1694 3095 et
1757 3036 2037 3096 Thomas
2100 3036 2207 3097 filii
2270 3036 2546 3097 iamdicti
2616 3036 2925 3112 Iohannis,
2996 3037 3218 3097 Petrus
3284 3045 3345 3096 et

783 3142 1060 3202 Thomas
1106 3143 1213 3202 filii
1261 3143 1454 3221 ipsius
1516 3144 1783 3223 Philippi
1830 3164 1946 3204 nec
1994 3164 2119 3204 non
2166 3145 2406 3217 PetruS,
2470 3144 2855 3218 valentium,
2923 3141 3235 3223 Georgius
3282 3151 3347 3203 et

781 3250 1061 3309 Thomas
1107 3250 1216 3310 filii
1263 3250 1524 3311 Fabiani
1578 3251 1684 3310 filii
1732 3252 1879 3311 dicti
1927 3252 2090 3326 Wlk‚
2151 3251 2523 3324 Anthonius,
2588 3251 2866 3311 Thomas
2914 3258 2976 3311 et
3021 3249 3343 3311 Emericus

780 3358 887 3419 filii
935 3358 1126 3419 Blasii
1175 3360 1279 3419 filii
1324 3360 1548 3437 prefati
1595 3360 1761 3434 Wlk‚
1809 3361 2121 3420 Iohannes
2167 3359 2328 3420 filius
2362 3361 2651 3436 chhylo
2698 3360 2804 3420 filii
2853 3359 3127 3420 iamdicti
3174 3359 3345 3419 Wlk‚

781 3466 1060 3527 similiter
1129 3467 1369 3528 nobiles
1439 3467 1809 3548 iobagiones
1881 3468 2070 3528 castri
2132 3468 2211 3527 de
2281 3466 2448 3527 dicta
2516 3468 2827 3545 Rakarya,
2900 3468 3088 3527 modo
3158 3465 3338 3527 simili

778 3574 1056 3653 ipsorum
1120 3593 1194 3634 ac
1257 3575 1570 3649 Anthonii‚
1643 3574 1973 3650 Valentini,
2026 3574 2227 3635 Marci
2292 3583 2355 3635 et
2413 3575 2713 3653 Stephani
2783 3574 3048 3635 filiorum
3115 3572 3335 3652 prefati

780 3681 1061 3759 Philippi,
1108 3681 1328 3761 Kyrini
1374 3682 1480 3741 filii
1528 3682 1722 3761 ipsius
1769 3682 1937 3742 Petri
1984 3682 2091 3743 filii
2137 3682 2397 3742 Fabiani
2454 3682 2560 3742 filii
2607 3683 2755 3742 Wlk
2801 3683 2880 3742 de
2928 3681 3171 3760 prefata
3216 3682 3334 3741 Ra-

782 3790 997 3866 karya,
1061 3808 1136 3849 ac
1184 3789 1442 3850 aliorum
1492 3790 1766 3849 omnium
1813 3790 2093 3864 fratrum,
2154 3790 2576 3868 proximorum
2623 3797 2685 3850 et
2732 3782 3335 3869 consangvineorum

781 3896 1056 3977 ipsorum
1105 3898 1182 3958 de
1233 3898 1455 3957 eadem
1503 3897 1566 3958 in
1611 3898 1914 3976 personiS,
1979 3916 2243 3977 quorum
2292 3896 2569 3957 similiter
2628 3899 2820 3958 totale
2878 3916 3037 3958 onus
3084 3905 3149 3957 et
3192 3915 3334 3977 gra-

781 4023 1026 4079 vamen,
1073 4004 1127 4064 si
1172 4005 1359 4066 iidem
1409 4006 1471 4065 in
1516 4006 2012 4067 infradeclaratis
2043 4025 2343 4085 processu
2389 4014 2742 4084 temporum
2790 4012 3153 4065 recusarent
3198 4022 3335 4084 per-

783 4107 1094 4187 severare,
1160 4114 1224 4173 in
1272 4133 1340 4173 se
1389 4122 1612 4192 sponte
1678 4121 2197 4192 assumpmentes,
2256 4122 2433 4193 parte
2498 4133 2573 4173 ex
2641 4115 2852 4187 altera,
2918 4114 2999 4173 ad
3061 4120 3337 4173 nostram

782 4219 1194 4300 personaliter
1238 4220 1562 4280 venientes
1628 4221 2038 4300 presenciam,
2090 4222 2447 4282 confessum
2495 4222 2692 4281 extitit
2737 4240 2850 4301 per
2894 4220 3065 4301 ipsas
3128 4227 3338 4299 partes

780 4328 1012 4407 pariter
1037 4336 1101 4389 et
1130 4329 1393 4387 relatum
1425 4327 1489 4387 in
1536 4328 1700 4387 hunc
1746 4329 2033 4389 modum:
2067 4330 2235 4409 quod
2287 4328 2571 4408 quamvis
2619 4328 2778 4388 inter
2826 4329 3082 4389 easdem
3127 4334 3337 4406 partes

786 4456 824 4495 a
870 4436 1079 4497 multis
1127 4436 1486 4513 retrolapsis
1533 4435 1916 4515 temporibus
1962 4436 2028 4495 in
2072 4436 2239 4496 iacto
2289 4436 2578 4497 videlicet
2638 4437 2877 4515 prefate
2923 4434 3338 4515 possessionis

785 4546 1076 4621 Rakarya
1122 4563 1198 4603 ac
1245 4544 1525 4604 eiusdem
1588 4543 2005 4621 possessionis
2064 4544 2371 4605 territorio
2419 4564 2495 4605 ac
2541 4552 2846 4604 metarum
2914 4542 3337 4604 ereccionibus

781 4660 844 4712 et
901 4651 1184 4711 cursibus
1235 4670 1308 4710 ac
1354 4650 1633 4710 terminis
1681 4650 2029 4725 metalibus,
2092 4651 2211 4711 litis
2261 4662 2323 4712 et
2368 4650 2709 4731 questionis
2776 4650 3038 4711 materia
3084 4648 3339 4710 suborta

783 4759 1051 4819 extiterit
1099 4767 1159 4819 et
1209 4757 1450 4817 diucius
1487 4758 1800 4831 ventilata,
1849 4766 2062 4818 tamen
2096 4760 2315 4819 eedem
2361 4745 2573 4838 partes
2605 4759 2668 4818 in
2700 4759 2873 4836 pacis
2920 4756 3336 4837 tranquilitate

782 4865 1103 4943 cupientes
1162 4883 1548 4942 permanere,
1612 4883 1726 4942 per
1772 4866 2297 4945 composicionem
2361 4875 2423 4926 et
2484 4866 2949 4926 ordinacionem
3004 4865 3339 4945 proborum

784 4982 846 5039 et
907 4970 1205 5039 nobilium
1271 4971 1543 5031 virorum
1589 4991 1812 5059 pacem
1871 4973 2153 5061 parcium
2200 4974 2563 5051 zelandum,
2634 4975 2715 5035 ad
2772 4970 3023 5062 plenam
3083 4980 3145 5041 et
3200 4984 3345 5059 peri
