3917 5592
817 490 940 553 ¹42

803 708 1106 768 dictorum
1169 706 1396 767 civium
1453 705 1790 766 Petrouina
1851 713 2079 765 vocata
2138 705 2528 783 perpetratiS,
2577 724 2655 765 ac
2697 724 2813 783 per
2862 704 3117 763 Petrum
3170 700 3361 761 filium

809 814 1130 893 Stephani,
1178 814 1449 874 iudicem
1487 812 1782 874 nobilium
1817 812 2149 872 comitatus
2188 810 2635 893 Zagrabiensis
2692 809 3016 890 inquisitiS,
3076 808 3365 869 referunt.

1012 954 1254 1008 Ioannes
1290 952 1531 1019 Tkaleic,
1572 950 1716 1006 Mon.
1755 952 1885 1007 hist.
1923 950 2075 1005 civit.
2112 950 2421 1019 Zagrabiae
2461 951 2496 1004 Ι.
2534 948 2659 1004 361.
2714 978 2769 990 -
2808 949 3094 1018 Originale
3136 949 3359 1003 charta-

807 1060 988 1099 ceum.
1025 1045 1071 1098 A
1112 1046 1266 1113 tergo
1304 1042 1418 1097 duo
1455 1041 1638 1113 sigilla
1675 1055 1948 1111 appressa
1986 1042 2131 1095 sunt.
2169 1040 2231 1093 In
2270 1039 2507 1096 archivo
2548 1038 2701 1095 civit.
2740 1038 3066 1110 Zagrahiae.

2000 1324 2207 1396 148.

970 1562 979 1569 ·
1020 1528 1206 1588 Anno
1262 1524 1445 1587 1395.
1504 1526 1597 1587 15.
1646 1526 1935 1587 octobris.
1984 1525 2359 1607 Zagrabiae.

1017 1722 1304 1783 Detricus
1349 1723 1570 1783 Bubek
1630 1722 1810 1802 regni
1855 1722 2229 1787 Sclauoniae
2291 1723 2511 1797 banuS,
2571 1723 2841 1803 capitulo
2889 1722 3194 1784 ecclesiae
3245 1725 3363 1783 Za-

802 1830 1170 1912 grabiensiS,
1217 1830 1280 1891 in
1325 1849 1522 1891 causa
1567 1829 1796 1890 civium
1841 1830 2419 1911 MontisgrecensiS,
2466 1838 2685 1893 contra
2752 1831 3115 1891 Ladislaum
3168 1830 3365 1891 filium

805 1937 1132 2013 Valentini,
1195 1939 1460 2001 Paulum
1524 1938 1720 1999 filium
1781 1938 1966 2013 Petri,
2028 1938 2359 1999 Nicolaum
2415 1939 2613 1999 filiurn
2660 1939 2848 2000 Nouk
2894 1946 2959 2000 et
3005 1938 3373 2016 Dyonisium

807 2047 996 2107 filium
1059 2047 1225 2109 Petri
1285 2048 1364 2109 de
1428 2046 1794 2125 Lomnycha
1855 2047 2032 2127 (quia
2078 2046 2142 2107 in
2186 2066 2451 2108 causam
2496 2048 2747 2109 attracti
2792 2046 2856 2107 in
2904 2046 3169 2107 termino
3218 2046 3372 2107 iudi-

805 2154 995 2215 ciario
1041 2155 1424 2229 asserebant,
1490 2155 1658 2233 quod
1705 2154 1822 2233 ipsi
1869 2154 2012 2216 ideo
2068 2154 2545 2216 reambulationi
2590 2162 2905 2215 metarum
2953 2152 3370 2233 possessionis

761 2242 769 2248 ⁶
805 2262 1178 2323 Petrouinae
1241 2262 1778 2337 contradixissent,
1857 2262 2045 2341 »quia
2107 2262 2227 2342 ipsi
2275 2262 2462 2323 iudex
2507 2272 2570 2324 et
2616 2262 2802 2323 iurati
2849 2262 3023 2324 ciues
3069 2282 3185 2341 per
3218 2280 3367 2341 ‚pre-

805 2370 1062 2429 missam
1109 2388 1326 2429 eorum
1355 2370 1921 2448 possessionariam
1952 2370 2541 2445 reambulacionem,
2576 2389 2879 2451 magnam
2909 2378 3169 2449 partem,
3202 2370 3363 2429 dicte

802 2476 1229 2561 possessionis·
1275 2477 1570 2563 ipsorum,
1639 2478 2007 2555 Lomnycha
2052 2485 2293 2553 vocate,
2342 2496 2653 2558 occupare
2700 2485 2764 2537 et
2810 2478 2895 2538 ad
2940 2477 3175 2538 dictam
3219 2496 3361 2557 pos-

805 2582 1149 2647 sessionem
1207 2583 1486 2662 ipsorum
1544 2584 1884 2645 Petrouina
1943 2592 2237 2645 vocatam
2285 2586 2601 2664 applicare
2646 2584 3096 2661 voluissent».),
3144 2584 3367 2663 iterum

805 2698 1004 2751 metas
1095 2698 1226 2751 tam
1295 2692 1710 2770 possessionis
1780 2692 2156 2753 Petrouinae
2226 2712 2417 2773 quam
2480 2693 2883 2771 Lomnychae
2946 2692 3353 2765 reambulare,

801 2806 1002 2859 metas
1064 2796 1456 2879 consignare,
1519 2797 1855 2877 particulas
1919 2798 2225 2880 litigiosas
2288 2799 2604 2860 remittere
2652 2819 2727 2860 ac
2774 2798 3001 2860 seriem
3049 2807 3358 2859 metarum

802 2904 1126 2967 revisionis
1173 2904 1290 2967 sibi
1337 2906 1420 2967 ad
1465 2914 1724 2967 octavas
1768 2907 1912 2968 festi
1957 2907 2451 2987 Epiphaniarum
2499 2908 2859 2982 rescribere,
2906 2908 3181 2969 mandat.

1016 3046 1254 3100 Ioannes
1311 3044 1552 3115 Tkaleie,
1611 3046 1756 3101 Mon.
1811 3045 1942 3100 hist.
2000 3044 2149 3103 civit.
2206 3046 2514 3116 Zagrabiae
2571 3047 2611 3101 1.
2666 3064 2720 3117 p.
2776 3047 2902 3101 362.
2961 3076 3029 3086 -
3076 3045 3362 3115 Originale

801 3134 1176 3189 chartaceum.
1263 3135 1312 3188 A
1350 3138 1503 3203 tergo
1550 3138 1826 3203 apparent
1869 3134 2108 3205 vestigia
2152 3136 2393 3192 duorum
2445 3135 2757 3207 sigillorum
2806 3152 3224 3207 appressorum.
3298 3136 3363 3191 In

802 3224 1037 3280 archivo
1076 3222 1321 3281 civitatis
1359 3224 1684 3295 Zagrabiae.

1994 3510 2198 3581 149.

931 3794 942 3804 ·
1015 3715 1198 3774 Anno
1255 3709 1438 3772 1395.
1497 3709 1590 3771 15.
1639 3708 2013 3772 novembris
2060 3712 2433 3791 Zagrabiae.

1012 3910 1298 3971 Detricus
1361 3908 1582 3969 Bubek
1642 3908 1843 3967 banus
1907 3908 2297 3985 Sclauoniae,
2362 3910 2631 3990 capitulo
2695 3886 3001 3970 ecclesiae
3047 3908 3349 3990 Zagrabi-

802 3994 984 4093 ensiS,
1033 4016 1094 4078 in
1144 4036 1337 4077 causa
1384 4016 1612 4076 civium
1675 4014 2232 4095 Montisgrecensis
2294 4018 2374 4077 de
2444 4018 2778 4098 Zagrabia,
2850 4025 3071 4078 contra
3116 4017 3360 4097 Grego-

803 4126 978 4201 rium,
1043 4124 1389 4205 Georgium
1460 4132 1524 4184 et
1585 4124 1842 4183 Petrum
1903 4122 2063 4183 filios
2124 4123 2375 4184 Martini
2438 4143 2514 4185 ac
2578 4126 2843 4185 Paulum
2892 4133 2956 4185 et
2999 4126 3156 4185 Iuan
3200 4125 3361 4185 filios

800 4233 1146 4315 Zugovych
1204 4233 1282 4292 de
1353 4230 1602 4308 Oresya
1649 4230 1779 4311 (qui
1848 4230 1909 4291 in
1957 4249 2215 4291 causam
2278 4232 2523 4293 attracti
2594 4231 2656 4292 in
2703 4232 2968 4293 termino
3038 4229 3360 4293 iudiciario

801 4339 1184 4414 asserebant,
1231 4340 1402 4418 quod
1445 4337 1564 4417 ipsi
1615 4337 1756 4398 ideo
1807 4337 2285 4400 reambulationi
2333 4346 2641 4399 metarum
2688 4338 3106 4418 possessionis
3138 4337 3369 4399 civium

801 4448 1107 4509 dictorum
1177 4445 1425 4525 Oresya
1495 4453 1759 4507 vocatae
1829 4446 2368 4521 contradixissent,
2432 4446 2579 4527 quia
2634 4446 2789 4525 »ipsi
2836 4444 3023 4507 iudex
3070 4454 3134 4507 et
3178 4427 3365 4506 iurati

799 4556 970 4619 ciues
1017 4575 1128 4635 per
1174 4554 1545 4634 premissam
1592 4573 1808 4615 eorum
1839 4553 2402 4633 possessionariam
2434 4554 3020 4628 reambulacionem,
3054 4573 3359 4635 magnam

799 4644 1043 4747 partem
1089 4664 1250 4725 dicte
1298 4650 1716 4741 possessionis
1757 4681 1980 4723 eorum
2028 4661 2275 4739 Oresya
2320 4669 2544 4723 vocate
2577 4680 2889 4740 occupare
2924 4669 2986 4722 et
3018 4652 3100 4722 ad
3134 4661 3369 4721 dictam

800 4771 1262 4851 possessionem
1308 4772 1587 4850 ipsorum
1633 4772 1920 4832 Hrascha
1967 4776 2260 4831 vocatam
2308 4770 2621 4848 applicare
2654 4770 3086 4846 voluissent‹),
3120 4760 3369 4843 iterum,

801 4878 1234 4958 praesentibus
1294 4878 1662 4940 testimoniis
1723 4878 1973 4958 capituli
2038 4897 2151 4957 pro
2198 4876 2475 4956 utrisque
2521 4876 2803 4955 partibus
2850 4876 3203 4957 fidfflignis,
3252 4893 3370 4955 per

805 4970 1064 5082 Mathey
1113 4988 1210 5053 vel
1259 4987 1634 5057 Michaelem
1681 4970 1838 5055 filios
1885 4986 2065 5055 Pauli
2112 4986 2191 5049 de
2238 4972 2577 5073 Mykulye'h
2627 4970 2759 5051 aut‘
2778 4984 3135 5054 Emericum
3180 4974 3377 5053 filiu'ni
