3917 5592
785 520 908 581 194

1957 724 2175 797 201.

991 982 1178 1043 Anno
1233 979 1419 1041 1424.
1467 978 1526 1039 7.
1574 980 1942 1041 decembris.
1990 979 2365 1059 Zagrabiae.

787 1208 1042 1275 Coram
1087 1208 1330 1275 Marco
1363 1206 1528 1292 filio
1575 1206 1770 1271 Iwan
1831 1208 2081 1273 comite
2144 1208 2463 1273 terrestri
2512 1208 2763 1292 Campi
2828 1204 3343 1291 Zagraboensis,

783 1314 1052 1401 Mykus,
1104 1314 1376 1393 Paulae,
1424 1314 1768 1379 Iohannes
1811 1318 1878 1379 et
1939 1314 2345 1379 Anthonius
2408 1315 2491 1379 de
2552 1314 2893 1399 Iarebych,
2950 1314 3339 1399 portionem

779 1444 988 1489 suam
1035 1424 1116 1489 in
1159 1424 1446 1489 eccleeia
1507 1443 1562 1487 s,
1625 1422 1902 1487 Mariae
1970 1422 2053 1487 de
2124 1422 2441 1507 Gorycha
2501 1444 2585 1487 ac
2644 1420 3000 1508 quandam
3060 1425 3342 1497 terram,

779 1529 1106 1597 undecim
1123 1528 1430 1615 florenis
1472 1528 1772 1593 Thomae
1789 1528 1953 1613 filio
1980 1529 2177 1594 Iwan
2206 1531 2491 1615 eiusque
2508 1529 2673 1614 filio
2697 1528 2993 1606 ΜαίΙιεο,
3014 1528 3339 1593 vendunt.

973 1764 1134 1851 ‚Nos
1179 1764 1436 1823 Marcus
1483 1765 1662 1836 filius,
1693 1766 1866 1824 Iwan
1920 1783 2134 1825 comes
2185 1765 2499 1825 terrestris
2531 1766 2611 1824 de
2642 1764 2890 1842 Campo
2934 1765 3345 1845 Zagrabiensi

779 1870 1084 1931 memorie
1132 1872 1650 1931 commendantes
1696 1880 1914 1931 tenore
1947 1872 2346 1950 presencium
2377 1872 2807 1953 significamus
2838 1871 3065 1949 quibus
3097 1872 3346 1950 expedit

783 1978 1134 2053 universis„
1155 1980 1325 2057 quod
1371 1980 1623 2056 Mykus,
1669 1980 1926 2053 Paulek,
1974 1981 2285 2040 Iohannes
2356 1990 2419 2039 et
2488 1980 2845 2039 Anthonius
2914 1979 3021 2038 filii
3078 1980 3347 2039 condam

787 2086 962 2147 Pauli
1011 2086 1118 2146 filii
1163 2086 1456 2161 Stanech‚
1501 2086 1743 2147 nobiles
1788 2086 2163 2167 iobagiones
2210 2087 2399 2147 castri
2444 2088 2523 2145 de
2556 2087 2877 2162 larebych,
2941 2086 3023 2145 ad
3068 2096 3347 2145 nostram

789 2192 1202 2273 personaliter
1245 2193 1572 2253 venientes
1604 2194 2015 2271 presenciam,
2064 2194 2333 2254 comessi
2366 2204 2513 2253 sunt
2544 2212 2761 2253 eorum
2793 2194 2935 2253 vive
2968 2193 3143 2253 vocis
3174 2192 3348 2251 mini·

787 2300 978 2361 sterio
1025 2300 1090 2359 in
1135 2300 1303 2361 hunc
1351 2301 1625 2375 modum,
1673 2310 1741 2359 ut
1787 2302 1902 2379 ipsi
1950 2302 2209 2361 totalem
2254 2302 2618 2379 porcionem
2664 2300 2945 2378 ipsorum
2994 2301 3253 2361 eosdem
3284 2300 3349 2359 in

788 2407 1060 2469 ecclesia
1117 2407 1304 2467 beate
1369 2408 1569 2467 Marie
1633 2407 1894 2487 virginis
1941 2409 2021 2467 de
2086 2408 2399 2485 Gorycha,
2474 2408 2925 2485 empticionalis
2982 2408 3131 2467 iuris
3176 2408 3353 2467 titulo

792 2522 1294 2589 concernentem,
1341 2534 1592 2574 necnon
1639 2515 1910 2594 quinque
1958 2517 2167 2577 meeth
2215 2523 2379 2574 terre
2428 2515 2676 2575 arabilis
2732 2515 2793 2574 in
2846 2516 3014 2575 dicta
3058 2515 3354 2592 Gorycha

785 2629 849 2683 et
925 2621 1060 2681 eius
1123 2621 1448 2695 territorio,
1519 2622 1807 2682 videlicet
1865 2622 2027 2681 inter
2086 2630 2287 2682 terras
2348 2622 2613 2681 filiorum
2674 2622 3035 2698 Ielkouichy
3107 2622 3352 2682 habitas

798 2737 860 2789 et
929 2728 1284 2802 existenteS,
1355 2728 1416 2789 in
1488 2730 1590 2789 via
1636 2748 1873 2809 magna
1933 2748 2167 2808 usque·
2204 2730 2485 2790 Mlakam
2546 2749 2614 2789 se
2662 2731 3125 2809 protendenteS‚
3195 2748 3355 2808 quas

796 2836 1050 2917 quidem
1097 2836 1458 2915 porcionem
1505 2837 1566 2896 in
1615 2837 1781 2897 dicta
1829 2837 2095 2897 ecclesia
2142 2846 2359 2897 sancte
2431 2838 2631 2897 Marie
2680 2839 2759 2898 de
2807 2838 3104 2913 Gorycha
3150 2836 3351 2910 sitam,

799 2963 874 3003 ac
937 2950 1170 3003 terram
1236 2944 1536 3004 arabilem
1602 2944 1872 3022 quinque
1936 2946 2163 3019 meeth,
2233 2944 2511 3022 prefatus
2574 2946 2843 3005 condam
2901 2944 3137 3003 Paulus
3192 2943 3354 3003 filius

798 3050 1088 3125 Stenech,
1135 3054 1315 3129 pater
1362 3050 1638 3128 ipsorum
1687 3050 1766 3110 ab
1814 3052 1983 3127 olym
2028 3052 2241 3111 Iakow
2290 3060 2352 3110 et
2394 3051 2567 3111 Iwko
2614 3052 2741 3111 filio
2790 3052 3073 3111 eiusdem
3137 3052 3351 3110 Iakow

799 3178 912 3237 pro
981 3166 1156 3218 certa
1221 3158 1630 3236 pecuniarum
1700 3158 2043 3237 quantitate
2115 3166 2545 3238 comparasset
2608 3168 2670 3219 et
2717 3158 2795 3219 ab
2867 3160 3091 3218 eodem
3158 3158 3355 3218 Paulo

801 3266 1086 3345 genitore
1134 3284 1368 3339 eorum,
1415 3272 1560 3343 post
1604 3274 1868 3324 mortem
1917 3266 2199 3325 eiusdem
2248 3266 2427 3325 Pauli
2475 3285 2665 3344 super
2691 3266 2861 3344 ipsos
2894 3267 3113 3326 eedem
3144 3264 3357 3343 porcio

801 3382 865 3433 et
909 3382 1077 3433 terra
1122 3372 1374 3432 arabilis
1421 3372 1623 3431 omnis
1671 3371 1820 3431 iuris
1866 3371 2043 3431 titulo
2068 3372 2358 3432 devolute
2403 3372 2751 3433 extitissent
2784 3382 2846 3432 et
2876 3374 3147 3445 redacte,
3176 3371 3357 3430 simul

801 3499 946 3540 cum
991 3480 1372 3553 utilitatibuS,
1421 3478 1843 3557 proventibuS,
1891 3478 2353 3559 integritatibus
2402 3490 2464 3539 et
2509 3479 2907 3557 pertinenciis
2940 3479 3247 3538 universis
3278 3478 3359 3537 ad

805 3588 973 3666 ipsas
1021 3588 1380 3665 porcionem
1428 3588 1488 3646 in
1521 3587 1764 3666 prefata
1810 3587 2077 3647 ecclesia
2124 3596 2338 3647 sancte
2388 3588 2588 3647 Marie
2636 3588 2947 3661 situatam,
2996 3606 3071 3647 ac
3127 3596 3360 3645 terram

805 3694 1104 3755 arabilem
1151 3694 1424 3773 quinque
1471 3696 1682 3754 meeth
1729 3713 1981 3773 quoquo
2027 3696 2214 3755 modo
2263 3695 2705 3773 spectantibuS‚
2753 3696 2869 3754 sub
2918 3713 3135 3754 earum
3199 3693 3358 3771 prio-

805 3802 975 3862 ribus
1023 3802 1189 3861 veris
1239 3810 1300 3861 et
1347 3801 1616 3880 antiquis
1664 3802 1862 3876 metiS,
1932 3812 2117 3881 prout
2163 3804 2383 3862 eedem
2452 3802 2664 3880 porcio
2713 3809 2775 3861 et
2836 3809 3002 3861 terra
3057 3802 3360 3861 hactenus

804 3928 917 3987 per
965 3909 1221 3969 eosdem
1268 3916 1436 3968 tente
1485 3909 1746 3968 tuissent
1793 3919 1856 3969 et
1900 3930 2212 3988 possesse,
2260 3912 2501 3969 Thome
2548 3909 2673 3969 filio
2719 3911 2910 3982 Iwan,
2956 3909 3145 3968 nobili
3193 3908 3360 3968 ioba-

807 4016 980 4095 gioni
1027 4016 1215 4076 castri
1265 4018 1344 4075 de
1372 4017 1652 4094 predicta
1700 4017 1997 4094 Gorycha
2028 4027 2241 4077 sancte
2276 4019 2477 4077 Marie
2507 4026 2569 4077 et
2598 4019 2857 4095 Mathey
2890 4017 3054 4077 dicto
3087 4018 3361 4089 Gerdak,

809 4124 932 4183 filio
980 4124 1262 4184 eiusdem
1309 4126 1570 4199 Thome,
1619 4144 1730 4204 pro
1778 4126 2070 4186 undecim
2116 4126 2368 4185 florenis
2432 4127 2581 4199 auri,
2629 4127 2811 4203 plene
2872 4126 2961 4185 uti
3023 4126 3364 4185 retulerunt

809 4232 890 4291 ab
939 4230 1176 4290 eisdem
1226 4232 1451 4291 habitis
1501 4240 1562 4291 et
1589 4232 1854 4309 receptis
1903 4232 2345 4306 vendidissent,
2394 4232 2793 4292 tradidissent
2824 4241 2887 4291 et
2918 4232 3365 4311 assignassent,

808 4358 1019 4414 ymmo
1071 4339 1499 4411 vendiderunt,
1548 4340 1940 4398 contulerunt
1999 4348 2062 4398 et
2109 4340 2511 4420 assignarunt
2574 4359 2786 4399 coram
2849 4340 3028 4400 nobis
3092 4340 3241 4417 ipsis
3305 4347 3365 4398 et

809 4465 1026 4506 eorum
1074 4446 1406 4506 heredibus
1454 4447 1586 4507 iure
1634 4456 1936 4525 perpetuo
1986 4456 2047 4507 et
2094 4447 2577 4508 irrevocabiliter
2608 4448 3039 4526 possidendas,
3064 4448 3369 4507 tenendas

809 4553 1041 4632 pariter
1089 4563 1150 4613 et
1197 4554 1539 4627 habenda8‚
1589 4562 1652 4613 et
1699 4556 1900 4615 eidem
1951 4555 2299 4615 vendicioni
2333 4555 2555 4633 prefati
2586 4556 2757 4614 Iwko
2790 4556 2950 4615 filius
2982 4556 3195 4614 Iakow
3224 4574 3365 4615 nec—

809 4679 932 4719 non
982 4660 1359 4721 Benedictus
1408 4670 1469 4721 et
1516 4661 1824 4722 Martinus
1873 4663 1979 4722 filii
2027 4663 2306 4722 eiusdem
2353 4664 2524 4722 Iwko
2585 4681 2797 4722 coram
2844 4663 3023 4721 nobis
3072 4670 3365 4735 astanteS,

812 4786 1028 4827 eorum
1075 4768 1433 4828 benivolum
1479 4770 1860 4847 prebuerunt
1907 4789 2283 4829 consensum
2330 4771 2561 4847 pariter
2608 4777 2672 4829 et
2715 4789 3058 4829 assensum.
3092 4770 3159 4828 In
3192 4769 3367 4829 cuius

811 4875 900 4934 rei
947 4876 1314 4936 memoriam
1363 4876 1844 4955 firmitatemque
1891 4885 2277 4953 perpetuam,
2312 4886 2637 4954 presentes
2684 4876 2896 4936 literas
2942 4877 3137 4935 nostri
3184 4876 3367 4956 sigilli

814 4982 1200 5062 appensione
1248 4982 1679 5058 communitaS,
1745 4983 1987 5044 eisdem
2047 4984 2289 5043 Thome
2338 4994 2400 5045 et
2462 4984 2723 5062 Mathey
2789 4984 3076 5044 duximus
3146 5003 3367 5045 conce-
