3917 5592
773 388 895 453 198

763 624 909 665 cum
954 604 1193 667 eisdem
1240 604 1665 663 commisimus
1712 612 1775 663 et
1820 604 2181 681 reliquimus
2229 604 2362 663 fore
2417 612 2697 663 mortuas
2759 602 3037 663 similiter
3067 599 3321 659 frivolas

762 710 1121 791 viribusque
1190 730 1445 790 prorsus
1517 710 1820 771 carituras
1886 730 1961 769 ac
2032 730 2248 770 eorum
2311 709 2754 771 exhibitoribus
2817 710 2933 769 sub
2992 726 3158 786 pena
3219 725 3320 766 ca-

761 819 1036 897 lumpnie
1084 818 1417 878 nocituras.
1468 818 1639 878 Mete
1688 826 1899 878 autem
1948 818 2254 878 dictarum
2300 816 2772 897 possessionum
2834 823 2898 876 et
2956 814 3322 894 porcionum

760 926 1416 1007 possessionariarum,
1463 926 1553 985 uti
1600 927 1821 987 eedem
1866 933 2080 1004 partes
2125 925 2305 985 nobis
2351 926 2416 985 in
2478 925 2744 1006 registro
2793 930 3200 1004 apportarunt
3261 929 3326 981 et

760 1053 1041 1095 consona
1084 1054 1241 1095 voce
1298 1036 1655 1109 retulerunt,
1727 1034 1848 1094 hoc
1916 1034 2134 1095 ordine
2182 1033 2622 1115 distinguntur,
2672 1033 2840 1112 quod
2885 1031 3086 1111 prima
3154 1038 3322 1089 meta

758 1141 970 1221 incipit
1015 1143 1079 1202 in
1127 1144 1399 1223 quadarn
1446 1142 1598 1220 tylia
1668 1161 1852 1202 cruce
1915 1143 2184 1223 signata,
2249 1162 2372 1220 que
2442 1150 2538 1201 est
2599 1160 2638 1201 a
2707 1150 2884 1219 parte
2953 1137 3322 1199 occidentali

757 1270 953 1330 penes
1000 1252 1320 1330 quandam
1368 1270 1597 1330 aquam
1645 1251 2042 1311 Mozochana
2089 1260 2397 1325 vocatam,
2430 1270 2552 1329 que
2583 1248 2732 1329 p'ars
2762 1250 3039 1329 ipsarum
3071 1266 3318 1327 posses·

757 1356 1002 1420 sionum
1050 1359 1391 1419 dinoscitur
1435 1359 1569 1420 fore
1616 1360 1919 1440 Stephani
1967 1360 2209 1420 comitis
2257 1360 2568 1420 terrestris
2614 1358 2926 1436 prenotati
2966 1366 3029 1419 et
3058 1357 3320 1417 fratrum

756 1486 1013 1526 suorum
1060 1467 1575 1547 supradictorum,
1640 1468 1762 1528 alia
1832 1475 2043 1528 autem
2111 1487 2258 1546 pars
2329 1467 2670 1527 earundem
2739 1465 3208 1546 possessionum
3282 1483 3320 1523 a

753 1583 932 1652 parte
979 1574 1264 1634 orientali
1312 1584 1408 1635 est
1453 1575 1678 1653 prefati
1726 1575 1903 1636 Pauli
1950 1575 2184 1655 magni,
2248 1575 2326 1635 de
2389 1576 2614 1635 eadem
2675 1574 2911 1633 scilicet
2965 1573 3117 1650 tylia
3176 1592 3316 1650 pro-

758 1683 1041 1742 cedendo
1088 1701 1285 1761 penes
1333 1702 1563 1761 aquam
1609 1690 2006 1780 prenotatam
2052 1684 2448 1743 Mozochana
2515 1682 2746 1742 dictam
2808 1690 2872 1742 et
2934 1682 3103 1741 vadit
3161 1680 3320 1740 infra

758 1808 956 1867 usque
1002 1790 1263 1849 fiuvium
1309 1790 1641 1850 Berchetin
1689 1800 2002 1865 vocatum,
2051 1798 2114 1851 et
2157 1790 2329 1849 venit
2375 1790 2437 1849 in
2492 1790 2810 1869 quandam
2854 1789 3074 1869 fagum
3135 1807 3318 1848 cruce

756 1897 1089 1977 signatam,
1137 1898 1281 1959 inde
1331 1899 1670 1959 reflectitur
1738 1900 1819 1959 ad
1888 1898 2464 1978 septemtrionalem
2532 1908 2775 1978 partem
2847 1899 2928 1958 ad
3000 1899 3318 1977 quandam

755 2026 1055 2087 quercum
1102 2027 1287 2068 cruce
1334 2008 1613 2082 incisam,
1662 2015 1726 2067 et
1771 2008 1849 2068 de
1899 2008 2125 2068 eadem
2173 2006 2458 2067 ascendit
2503 2007 2583 2065 ad
2653 2013 2929 2066 montem
2981 2006 3062 2065 ad
3133 2004 3318 2064 aliam

752 2134 1053 2193 quercum
1098 2126 1266 2175 terra
1313 2116 1762 2175 circumdatam
1810 2134 2008 2193 penes
2055 2116 2283 2175 vallem
2338 2114 2630 2191 Gluboky
2679 2122 2972 2174 vocatum
2985 2108 3020 2187 ¹,
3083 2111 3146 2173 in
3192 2131 3318 2191 qua

750 2224 911 2282 valle
962 2231 1059 2282 est
1104 2224 1377 2300 quedam
1423 2242 1692 2302 quercus
1762 2223 2013 2303 grudun
2085 2231 2313 2282 vocata
2379 2240 2566 2281 cruce
2615 2221 2882 2301 signata,
2931 2228 2994 2281 et
3041 2222 3120 2281 ab
3175 2220 3320 2279 hinc

752 2331 913 2391 ultra
964 2332 1189 2390 vallem
1234 2331 1581 2409 predictam
1628 2332 1914 2409 pervenit
1961 2331 2044 2391 ad
2091 2332 2348 2391 arbores
2397 2330 2598 2390 cerasi
2646 2339 2709 2390 et
2753 2330 2901 2407 tylie
2935 2348 3119 2389 cruce
3149 2329 3315 2389 simi-

748 2439 886 2499 liter
933 2440 1234 2518 signataS,
1283 2448 1345 2498 et
1390 2440 1469 2498 de
1502 2440 1620 2515 hys
1667 2440 1867 2498 tendit
1912 2440 1996 2499 ad
2026 2458 2216 2498 unam
2248 2458 2548 2517 quercum
2579 2457 2774 2516 penes
2807 2438 2974 2497 viam
3004 2438 3316 2517 publicam

752 2545 937 2605 sitam
983 2552 1153 2605 terra
1198 2545 1647 2605 circumdatam
1695 2554 1757 2605 et
1803 2565 1989 2606 cruce
2037 2545 2370 2625 signatam,
2419 2546 2564 2605 inde
2613 2545 2937 2605 descendit
2983 2564 3097 2623 per
3141 2564 3314 2604 mon-

754 2663 883 2712 tem
928 2672 1041 2731 per
1088 2652 1255 2712 viam
1289 2672 1589 2733 magnam
1637 2662 1699 2713 et
1745 2654 1920 2713 vadit
1948 2655 2030 2713 ad
2062 2654 2378 2731 quandam
2411 2653 2732 2733 antiquam
2763 2653 2949 2727 viam,
2981 2672 3095 2731 per
3125 2671 3315 2731 quam

751 2760 919 2819 viam
965 2760 1247 2838 procedit
1292 2779 1488 2838 penes
1535 2760 1771 2821 fontem
1820 2762 1982 2820 ultra
2027 2780 2218 2821 unam
2263 2754 2582 2839 parwam²
2625 2762 2830 2820 lacum
2896 2768 2959 2820 et
3003 2760 3174 2819 venit
3235 2761 3315 2820 ad

764 2868 951 2928 aliam
1001 2868 1171 2927 viam
1242 2868 1581 2947 antiquam,
1633 2870 1713 2929 ab
1760 2869 1905 2929 hinc
1962 2869 2138 2929 vadit
2199 2870 2281 2930 ad
2337 2870 2494 2929 duos
2553 2868 2780 2929 fluvios
2845 2869 3190 2929 Zrednicza
3255 2878 3316 2928 et

749 2975 1166 3053 Zopothnyak
1215 2984 1489 3051 vocatOS,
1538 2985 1603 3036 et
1631 2976 2029 3057 progreditur
2060 2977 2221 3036 ultra
2251 2996 2448 3055 penes
2481 2977 2800 3055 quandam
2831 2976 3052 3037 silvam
3085 2976 3312 3037 Babin-

754 3084 971 3143 chreth
1019 3083 1268 3158 dictam,
1315 3092 1379 3144 et
1423 3085 1705 3162 procedit
1750 3105 1933 3144 secus
1981 3086 2330 3163 predictum
2374 3085 2638 3143 fluvium
2671 3086 2751 3144 ad
2805 3084 3034 3144 dictam
3067 3091 3308 3162 partem

749 3192 1117 3251 orientalem
1165 3199 1227 3251 et
1287 3192 1574 3269 pervenit
1635 3194 1717 3253 ad
1779 3194 2098 3270 quandam
2176 3212 2478 3272 quercum
2537 3211 2733 3271 penes
2797 3193 2967 3252 viam
3025 3192 3302 3252 habitam

755 3318 940 3358 cruce
988 3298 1265 3373 incisam,
1314 3308 1377 3358 et
1424 3318 1535 3377 per
1580 3300 1783 3378 ipsam
1831 3300 2001 3360 viam
2048 3300 2219 3360 venit
2266 3301 2347 3360 ad
2405 3320 2598 3361 unam
2659 3300 3054 3360 Mokricham
3099 3300 3313 3379 wulgo

748 3406 1253 3466 Babinachretha
1300 3406 1528 3466 dictam
1579 3416 1641 3467 et
1688 3408 1769 3467 ad
1815 3409 2135 3487 quandam
2182 3427 2483 3486 quercum
2530 3409 2776 3468 duabus
2838 3408 3128 3468 crucibus
3187 3407 3312 3487 sig-

749 3521 980 3587 natam,
1029 3522 1092 3572 et
1136 3532 1251 3591 per
1296 3515 1563 3575 eandem
1631 3515 2027 3575 Mokricham
2098 3517 2540 3576 descendendo
2589 3517 2671 3575 ad
2740 3515 2946 3593 ipsum
2992 3514 3314 3587 orientem,

751 3619 1037 3699 pervenit
1084 3620 1167 3679 ad
1212 3622 1530 3698 quandam
1590 3640 1886 3700 quercum
1959 3624 2206 3683 duabus
2276 3622 2555 3684 similiter
2623 3623 2910 3683 crucibus
2980 3622 3313 3702 signatam,

748 3728 893 3787 inde
942 3729 1023 3787 ad
1071 3728 1300 3788 dictam
1351 3729 1920 3807 septemtrionalem
1966 3739 2210 3809 partem
2256 3732 2719 3811 progrediendo
2767 3731 2940 3792 vadit
2987 3732 3068 3791 ad
3115 3750 3310 3811 quan-

747 3836 893 3895 dam
940 3854 1240 3913 quercum
1286 3855 1567 3913 parwam
1616 3856 1799 3897 cruce
1846 3838 2124 3913 incisam,
2158 3847 2221 3898 et
2249 3839 2328 3898 ab
2377 3840 2520 3899 hinc
2550 3839 2724 3899 vadit
2756 3840 2978 3899 iterum
3011 3840 3092 3899 ad
3123 3838 3309 3899 aliam

749 3962 1050 4021 quercum
1097 3944 1343 4003 duabus
1390 3943 1669 4005 similiter
1730 3947 2018 4005 crucibus
2084 3946 2417 4026 signatam,
2478 3946 2623 4006 inde
2683 3946 2746 4005 in
2805 3966 3039 4025 magno
3097 3946 3312 4024 spacio

748 4050 969 4109 transit
1015 4070 1129 4128 per
1174 4050 1414 4119 silvam,
1462 4052 1525 4111 in
1572 4071 1697 4131 qua
1744 4059 1888 4111 sunt
1932 4072 2122 4131 quarn
2169 4055 2379 4132 plures
2429 4056 2686 4114 arbores
2735 4073 2920 4113 cruce
2955 4054 3202 4133 signate
3250 4061 3312 4113 et

747 4176 861 4236 pro
910 4167 1080 4218 meta
1125 4160 1440 4237 deputate,
1489 4169 1551 4219 et
1597 4159 1767 4219 venit
1814 4160 1895 4219 ad
1924 4160 2318 4220 Mokricham
2365 4161 2764 4222 Lezkouicha
2797 4161 3044 4236 dictam,
3079 4170 3140 4220 et
3170 4180 3308 4239 per-

748 4265 920 4325 venit
968 4267 1048 4326 ad
1096 4267 1411 4344 quandam
1486 4287 1783 4345 quercum
1850 4268 2093 4328 duabus
2140 4270 2428 4330 crucibus
2498 4270 2949 4351 consignatam,
3021 4270 3098 4329 de
3166 4269 3310 4328 hinc

753 4374 977 4433 iterum
1025 4374 1308 4453 procedit
1354 4375 1436 4434 ad
1506 4375 1689 4435 aliam
1761 4395 2059 4454 quercum
2131 4396 2318 4437 cruce
2379 4378 2640 4438 incisam
2687 4379 2749 4437 in
2796 4379 3112 4456 quandam
3174 4378 3310 4437 Mo-

748 4480 981 4555 kricha,
1030 4481 1135 4541 ubi
1183 4482 1468 4559 pluvialis
1517 4501 1682 4561 aqua
1737 4502 2062 4543 remanere
2135 4485 2510 4562 perhibetur,
2582 4486 2661 4545 de
2714 4486 2938 4545 eadem
3007 4485 3179 4544 vadit
3245 4484 3310 4543 in

750 4582 1099 4668 quandam⁸
1143 4590 1345 4649 lacum
1396 4590 1588 4669 vulgo
1634 4592 1917 4668 Rakytye
1967 4586 2307 4661 vocatam,⁴
2353 4593 2578 4653 deinde
2613 4593 2695 4653 ad
2726 4593 3040 4672 quandam
3077 4600 3308 4651 metam

744 4705 1034 4771 terream,
1082 4696 1143 4755 in
1190 4716 1315 4775 qua
1363 4706 1458 4757 est
1486 4717 1613 4757 una
1658 4717 1875 4775 parwa
1922 4718 2220 4777 quercus,
2257 4708 2318 4759 et
2348 4701 2426 4759 ab
2453 4701 2599 4761 hinc
2629 4701 2803 4761 vadit
2833 4702 2912 4760 ad
2944 4700 3307 4761 orientalem

751 4814 993 4882 partem
1042 4804 1124 4863 ad
1171 4806 1487 4882 quandam
1536 4824 1763 4884 aquam
1822 4806 2302 4884 Rakythowyna
2361 4817 2668 4883 vocatam,
2718 4808 2943 4869 deinde
3002 4809 3188 4868 intrat
3244 4808 3307 4867 in

758 4912 1105 4991 predictum
1150 4913 1510 4973 Lokawech
1555 4914 1618 4973 in
1664 4914 2023 4992 porcionem
2071 4916 2632 4993 possessionariam
2701 4916 2964 4995 predicti
3009 4915 3310 4994 Stephani
