3917 5592
734 417 866 481 290

733 640 946 694 center
992 640 1054 692 et
1100 630 1262 691 licite
1325 629 1519 705 unire,
1581 628 1916 707 pacificare
1980 635 2042 687 et
2088 628 2471 688 concordare
2537 627 2855 700 deberent,
2915 634 3100 704 prout
3146 623 3297 704 ipsis

732 737 1255 800 conscienciosius
1304 737 1650 811 videretur;
1701 744 1764 796 et
1809 756 1952 796 cum
2000 734 2118 815 ipsi
2163 734 2391 812 ydonei
2440 742 2503 795 et
2564 732 2863 814 fidedigni
2928 752 3005 793 ac
3051 731 3295 792 honesti

734 848 849 908 viri
897 847 1098 926 ipsam
1147 864 1427 906 causam*
1453 844 1760 905 dictarum
1807 843 2088 923 parcium
2138 862 2213 917 ac
2258 842 2485 903 seriem
2533 851 2597 903 et
2627 860 2990 921 processum
3024 840 3158 900 eius
3204 848 3295 900 to-

735 956 926 1025 talem
973 953 1269 1037 ipsasque
1316 952 1554 1012 litteras
1600 970 1818 1011 omnes
1867 950 2175 1011 dictarum
2221 949 2501 1029 parcium
2542 948 2901 1009 examinare
2934 956 2998 1008 et
3020 946 3297 1007 iudicare

731 1053 1114 1140 incepisset⁸,
1159 1064 1306 1133 tunc
1353 1058 1481 1137 ipsi·
1521 1057 1786 1137 receptis
1835 1066 1899 1118 et
1943 1056 2233 1136 perlectis
2282 1076 2359 1117 ac
2404 1058 2566 1117 bene
2614 1055 2939 1116 intellectis
3001 1054 3295 1133 predictis

730 1167 1018 1228 omnibus
1066 1166 1284 1227 litteris
1329 1166 1606 1244 ipsarum
1652 1164 1952 1244 parcium,
1985 1183 2099 1242 per
2140 1165 2397 1225 easdem
2443 1171 2655 1242 partes
2680 1181 2895 1223 coram
2941 1160 3091 1241 ipsis
3138 1169 3295 1221 tota·

728 1273 866 1335 liter
925 1272 1244 1353 productis
1293 1281 1356 1333 et
1401 1272 1793 1351 presentatiS,
1858 1271 2059 1350 primo
2125 1272 2189 1331 in
2234 1270 2451 1332 litteris
2516 1270 2702 1332 certis
2769 1269 2962 1349 ipsius
3024 1268 3293 1330 Emerici

729 1380 956 1442 actoris
1005 1380 1068 1441 id
1113 1380 1487 1440 invenerunt
1547 1378 1866 1453 contineri,
1934 1379 2103 1458 quod
2168 1378 2485 1457 predictus
2548 1378 2873 1438 Emericus
2922 1385 3096 1437 actor
3152 1396 3293 1436 cum

729 1488 985 1569 prefatis
1052 1487 1347 1548 fratribus
1419 1486 1566 1559 suis,
1635 1494 1766 1547 tam
1831 1486 2186 1547 carnalibus
2256 1504 2449 1565 quam
2518 1485 2902 1564 patruelibus
2974 1493 3186 1545 essent
3232 1493 3295 1545 et

725 1596 986 1657 fuissent
1034 1594 1165 1656 veri
1209 1594 1660 1675 consangvinei
1709 1602 1772 1654 et
1837 1594 2063 1655 fratres
2126 1594 2441 1673 patrueles
2513 1613 2588 1654 ac
2632 1594 2901 1653 heredes
2964 1591 3293 1671 propinqui

730 1702 1028 1782 sepedicti
1094 1702 1274 1763 Pauli
1345 1703 1565 1782 Wrag‚
1635 1702 1770 1780 ipse
1841 1708 2053 1761 autem
2126 1700 2372 1761 Blasius
2442 1699 2843 1777 Mayhenych
2912 1699 2975 1759 in
3034 1717 3294 1759 causam

732 1817 1050 1884 attractuS,
1100 1808 1306 1870 eidem
1351 1810 1547 1870 Paulo
1593 1810 1800 1889 Wrag
1843 1808 1908 1868 in
1955 1808 2126 1868 nulla
2189 1808 2355 1869 linea
2416 1805 3013 1887 consangvineitatis
3075 1805 3295 1868 attinet

734 1936 849 1977 nec
896 1915 1360 1995 condependet3
1409 1915 1472 1975 in
1502 1914 1720 1975 litteris
1769 1922 1978 2005 autem
2024 1914 2219 1993 ipsius
2252 1914 2443 1975 Blasii
2488 1914 2891 1992 Mayhenych
2936 1913 3000 1973 in
3032 1932 3291 1974 causam

729 2022 973 2084 attracti
1022 2023 1085 2083 id
1132 2041 1428 2101 expresse
1474 2022 1847 2083 invenerunt
1895 2021 2213 2097 contineri,
2260 2022 2430 2101 quod
2474 2020 2757 2100 predicta
2812 2020 3118 2082 medietas
3149 2040 3291 2098 pos-

733 2129 1113 2191 sessionaria
1157 2126 1446 2211 litigiosa,
1494 2149 1685 2209 quam
1716 2128 1851 2208 ipse
1884 2128 2131 2189 Blasius
2165 2129 2565 2207 Mayhenych
2605 2128 2667 2189 in
2700 2148 2957 2189 causam
2992 2135 3291 2189 attractus

731 2245 1156 2317 occupaverat
1200 2245 1264 2298 et
1307 2237 1688 2316 possidebat,
1735 2236 1957 2297 fuisset
2002 2255 2154 2298 vera
2202 2236 2507 2297 medietas
2554 2236 2975 2315 predictarum
3042 2254 3289 2315 posses·

729 2346 976 2407 sionum
1022 2354 1084 2405 et
1130 2344 1496 2425 porcionum
1556 2344 2195 2423 possessionariarum
2256 2343 2467 2423 sepius
2530 2344 2676 2405 dicti
2738 2344 2914 2404 Pauli
2962 2346 3180 2424 Wrag,
3230 2351 3293 2403 et

730 2454 899 2533 quod
944 2452 1008 2512 in
1054 2452 1339 2530 personis
1385 2452 1648 2531 predicti
1691 2451 1962 2512 Emerici
1995 2452 2223 2512 actoris
2269 2460 2333 2512 et
2378 2452 2655 2531 ipsorum
2710 2452 2969 2512 fratrum
3017 2470 3289 2526 suorum,

729 2568 858 2620 tarn
907 2560 1245 2621 carnalium
1295 2578 1485 2639 quam
1546 2558 1935 2637 patruelium,
1980 2558 2116 2637 ipse
2163 2558 2409 2619 Blasius
2472 2559 2872 2636 Mayhenych
2923 2558 2986 2619 in
3034 2577 3293 2619 causam

729 2675 1045 2743 attractuS‚
1117 2686 1194 2727 eo
1254 2673 1536 2746 tempore
1613 2668 1762 2727 dum
1841 2666 2009 2726 idem
2082 2666 2331 2727 Blasius
2418 2667 2818 2744 Mayhenych
2892 2666 2953 2726 in
3032 2685 3290 2727 causam

731 2782 1048 2850 attractuS,
1114 2794 1184 2835 se
1231 2793 1374 2835 cum
1437 2774 1730 2835 fratribus
1793 2774 1922 2834 suis
1983 2774 2367 2853 patruelibus
2437 2774 2499 2833 in
2561 2773 2902 2835 dominium
2950 2773 3113 2835 dicte
3159 2793 3289 2834 me-

729 2880 976 2941 dietatis
1022 2880 1517 2959 possessionarie
1582 2880 1850 2961 litigiose
1912 2880 2219 2941 introduci
2280 2889 2345 2941 et
2404 2900 2545 2942 eam
2608 2881 2725 2941 sibi
2785 2881 2973 2942 statui
3022 2881 3291 2955 fecisset,

727 2987 807 3047 ab
857 2988 1081 3048 eadem
1130 2987 1466 3048 medietate
1512 2987 2012 3066 possessionaria
2041 2988 2315 3068 litigiosa
2345 3007 2459 3066 per
2490 2990 2798 3068 quosdam
2832 2988 3066 3049 amicos
3098 2989 3292 3067 ipsius

727 3095 997 3157 Emerici
1045 3094 1274 3155 actoris
1319 3094 1436 3154 fuit
1479 3093 1782 3174 legittime
1827 3095 1988 3155 facie
2038 3095 2118 3155 ad
2165 3094 2391 3155 faciem
2438 3095 2800 3173 prohibituS,
2869 3096 3291 3156 contradictus

727 3210 790 3263 et
837 3203 1212 3280 ar[e]status,
1275 3210 1338 3262 et
1404 3210 1630 3262 eotunc
1676 3201 1797 3281 ipsi
1859 3202 2148 3263 Emerico
2212 3203 2407 3263 actori
2469 3211 2531 3263 et
2592 3203 2770 3263 dictis
2820 3203 3112 3263 fratribus
3160 3204 3290 3264 suis

725 3309 1109 3388 patruelibus
1155 3308 1358 3371 littera
1405 3308 1809 3388 prohibitoria
1856 3329 2000 3370 cum
2045 3310 2327 3388 predicta
2373 3330 2497 3371 una
2545 3319 2607 3370 et
2653 3310 2854 3389 prim‘a
2914 3310 3120 3371 littera
3164 3320 3288 3372 sta-

728 3418 955 3479 tutoria
1003 3418 1198 3497 ipsius
1244 3418 1439 3478 Blasii
1491 3418 1911 3495 Mayhenych,
1976 3437 2100 3478 uno
2150 3438 2314 3478 anno
2386 3427 2449 3479 et
2517 3419 2633 3479 sub
2682 3418 3007 3499 equalibus
3072 3418 3289 3500 sigillis

725 3525 1018 3586 comitum
1090 3525 1350 3604 predicti
1396 3524 1621 3604 Campi
1683 3525 2131 3606 Zagrabiensis
2177 3526 2293 3585 fuit
2337 3534 2647 3601 emanata,
2708 3526 2932 3606 quibus
2981 3527 3287 3587 ambabus

724 3632 942 3713 litteris
989 3652 1028 3693 a
1072 3632 1353 3711 predicto
1399 3639 1679 3711 tempore
1728 3633 2093 3693 statucionis
2139 3633 2335 3711 ipsius
2384 3634 2735 3694 medietatis
2789 3634 3283 3713 possessionarie

722 3739 990 3821 litigiose
1037 3738 1156 3817 ipsi
1200 3738 1411 3799 Blasio
1458 3739 1860 3817 Mayhenych
1907 3740 2111 3800 minus
2158 3740 2318 3800 iuste
2364 3741 2546 3815 facte,
2597 3749 2660 3801 et
2707 3759 2746 3800 a
2799 3749 3081 3821 tempore
3113 3761 3283 3802 ema-

725 3847 1004 3908 nacionis
1052 3846 1394 3907 earundem
1440 3846 1784 3907 litterarum
1832 3857 1895 3908 et
1939 3868 2140 3928 usque
2187 3868 2369 3923 nunc,
2418 3868 2543 3909 non
2589 3851 2728 3928 plus
2794 3850 2912 3909 nisi
2960 3849 3289 3911 duodecim

727 3954 872 4014 anni
916 3953 1346 4033 preterierunt,
1399 3962 1460 4014 et
1506 3956 1677 4034 quod
1722 3955 1922 4015 eciam
1970 3956 2104 4034 ipse
2150 3956 2474 4016 Emericus
2539 3965 2711 4016 actor
2775 3958 2985 4035 plures
3049 3957 3286 4018 litteras

723 4060 1160 4141 prohibitorias
1207 4062 1497 4133 habebat,
1545 4062 1770 4142 quibus
1819 4063 2240 4123 mediantibus
2288 4064 2495 4141 ipsum
2539 4064 2819 4125 Blasium
2887 4065 3285 4142 Mayhenych

724 4170 786 4230 in
847 4188 1104 4230 causam
1167 4177 1516 4245 attractum,
1565 4178 1627 4229 et
1688 4178 1945 4231 cunctos
1995 4172 2454 4252 consagvineos
2502 4180 2563 4231 et
2622 4172 2889 4233 heredes
2951 4172 3146 4250 ipsius
3202 4173 3281 4233 ab

723 4277 1162 4357 occupacione,
1232 4277 1588 4338 detentione
1637 4286 1699 4340 et
1755 4279 2172 4358 usurpacione
2219 4280 2495 4358 predicte
2543 4280 2897 4341 medietatis
2941 4281 3285 4360 possessio-

723 4385 896 4445 narie
943 4385 1232 4466 litigiose,
1263 4404 1338 4446 ac
1385 4404 1453 4445 se
1501 4384 1565 4445 in
1612 4386 1953 4446 dominium
2000 4386 2197 4465 ipsius
2244 4387 2657 4466 quovismodo
2688 4387 3146 4449 intromissione
3173 4408 3286 4449 seu

721 4492 1028 4553 introduci
1074 4492 1372 4566 faccione,
1425 4512 1499 4553 ac
1547 4491 1627 4552 ab
1691 4492 2023 4554 utilitatum
2086 4494 2363 4573 ipsarum
2410 4496 2821 4574 percepcione
2892 4515 3005 4555 seu
3052 4496 3288 4575 percipi

719 4600 1001 4661 faccione
1048 4599 1360 4679 prohibuit
1407 4600 1908 4677 contradicendO,
1957 4609 2022 4662 et
2068 4601 2439 4662 contradixit
2482 4601 2835 4678 inhibendo,
2882 4622 2995 4681 pro
3044 4623 3120 4664 eo
3168 4603 3287 4682 ipsi

717 4708 964 4787 ydonei,
1012 4704 1314 4789 fidedlgni
1377 4717 1442 4768 et
1501 4709 1747 4769 honesti
1794 4709 1927 4786 viri,
1992 4710 2451 4771 examinatores
2498 4710 2787 4771 videlicet
2832 4711 3026 4790 ipsius
3074 4731 3283 4786 cause,

721 4817 989 4879 eandem
1036 4834 1294 4877 causam
1342 4824 1514 4877 recto
1559 4817 1807 4878 tramite
1856 4824 1918 4878 et
1966 4836 2131 4897 equa
2176 4818 2281 4878 via
2326 4818 2476 4877 iuris
2524 4819 3008 4879 determinantes
3038 4826 3100 4879 et
3126 4819 3283 4901 lina·-¹

723 4926 863 4994 liter
911 4926 1370 5003 concludenteS,
1431 4924 1778 5012 predictam
1847 4926 2250 4995 medietatem
2304 4927 2865 5013 possessionariam
2926 4926 3281 5017 litigiosam,
