3917 5592
3013 467 3131 546 341

582 689 952 780 iobagiones
999 689 1194 760 nostri
1241 687 1541 780 fidedigni
1589 687 1650 758 in
1697 687 2026 778 quindenis
2074 693 2351 778 predicte
2398 699 2551 760 ferie
2600 701 2872 760 secunde
2921 700 3143 761 exinde

581 809 662 868 ad
706 827 824 868 nos
871 807 1117 868 reversi·
1155 815 1218 868 et
1263 825 1376 884 per
1419 825 1536 890 nos
1585 806 1914 887 diligenter
1960 806 2255 885 requisiti,
2318 807 2497 866 nobis
2548 826 2623 866 eo
2670 808 2857 867 modo
2920 808 3143 868 retule-

581 923 724 974 runt
771 915 1106 995 fidedigne,
1153 923 1221 973 ut
1267 913 1385 991 ipsi
1430 913 1586 974 feria
1633 914 1912 974 secunda
1957 914 2243 992 proxima
2291 922 2435 975 ante
2474 915 2703 974 festum
2743 915 2911 974 beati
2942 916 3142 975 Bene-

581 1022 726 1082 dicti
774 1023 1017 1082 abbatis
1065 1030 1129 1082 et
1160 1021 1552 1096 confessoriS,
1599 1041 1767 1082 nunc
1814 1022 2095 1083 similiter
2140 1022 2421 1100 proxime
2468 1023 2857 1100 preteritum,
2900 1030 2961 1082 et
3009 1023 3143 1082 aliis

535 1109 550 1124 ⁰
582 1129 801 1189 diebus
849 1130 931 1190 ad
979 1130 1042 1189 id
1091 1128 1252 1207 aptis
1293 1137 1356 1189 et
1389 1127 1856 1204 sufficientibuS,
1892 1130 1975 1189 ad
2004 1130 2198 1190 iacies
2230 1130 2649 1208 predictarum
2674 1130 3143 1208 possessionum

583 1245 645 1296 et
689 1237 1055 1314 porcionum
1101 1234 1738 1315 possessionariarum
1786 1236 2215 1315 empticiarum
2264 1237 2651 1315 Kupechyne
2700 1231 3007 1312 vocataS,²
3054 1237 3141 1296 vi-

581 1345 736 1405 cinis
783 1353 845 1405 et
875 1344 1322 1404 commetaneis
1371 1363 1584 1404 earum
1635 1343 1942 1403 universis
1990 1343 2139 1403 inibi
2184 1343 2489 1424 legittime
2521 1344 2881 1404 convocatis
2929 1363 3140 1404 acces-

581 1447 811 1526 serunt,
861 1461 924 1512 et
970 1453 1227 1512 easdem
1260 1452 1694 1529 possessiones
1728 1459 1789 1512 et
1817 1452 2147 1530 porciones
2176 1453 2707 1530 possessionarias
2754 1453 3142 1530 Kupechyne

580 1561 796 1635 dictam,
844 1580 988 1620 cum
1034 1560 1321 1620 omnibus
1370 1579 1587 1620 earum
1637 1560 1999 1620 utilitatibus
2048 1569 2111 1620 et
2172 1560 2569 1638 pertinenciis
2633 1560 2957 1634 universiS‚
3004 1579 3141 1638 pre-

579 1669 742 1730 dicte
791 1668 1054 1728 ecclesie
1099 1668 1270 1728 beati
1319 1668 1579 1749 Georgii
1625 1668 1894 1728 martiris
1929 1676 1993 1728 et
2025 1675 2483 1748 consequenter
2528 1667 2811 1747 plebanis
2845 1668 2979 1728 eius
3026 1685 3141 1746 pro
3206 1721 3217 1731 .

577 1785 858 1855 tempore
906 1775 1230 1850 costitutiS,
1280 1776 1518 1855 absque
1567 1776 1736 1836 omni
1783 1776 2168 1836 alienacione
2217 1783 2567 1835 statuerunt
2612 1783 2915 1855 perpetuo
2941 1765 3138 1855 possi-

576 1885 816 1944 dendas
848 1883 1096 1958 nemine
1125 1883 1373 1960 penitus
1406 1883 1886 1959 contradicente,
1909 1884 2107 1943 tribus
2141 1884 2362 1944 diebus
2395 1883 2702 1943 continuis
2730 1892 2792 1944 et
2820 1883 3139 1963 legittimis

575 1993 744 2052 iuxta
807 1991 985 2071 regni
1046 1991 1558 2051 consvetudinem
1623 2010 1864 2051 moram
1931 1991 2161 2051 ibidem
2224 1991 2526 2070 facientes
2590 1992 3002 2068 personalem.
3073 1991 3141 2050 In

578 2117 840 2178 quorum
889 2099 1165 2172 omnium
1227 2098 1673 2176 premissorum
1736 2095 2158 2158 testimonium
2224 2099 2702 2176 firmitatemque
2751 2106 3138 2177 perpetuam,

575 2207 967 2285 presentibus
1016 2207 1220 2287 sigilla
1249 2215 1464 2266 nostra
1512 2206 1692 2266 solita
1727 2206 2019 2266 duximus
2053 2207 2483 2284 appendenda.
2532 2207 2763 2265 Datum
2810 2206 3139 2286 Zagrabie,

575 2314 730 2374 feria
777 2321 1001 2392 quarta
1031 2314 1314 2393 proxima
1360 2321 1503 2392 post
1531 2313 1760 2374 festum
1793 2313 2338 2374 annuncciacionis
2371 2314 2556 2374 beate
2600 2333 2849 2392 semper
2880 2313 3139 2392 virginis

577 2424 796 2498 Marie,
844 2442 1008 2483 anno
1056 2421 1288 2482 domini
1333 2421 1660 2482 millesimo
1708 2421 2327 2501 quadringentesimo
2373 2417 2457 2481 L⁰
2502 2422 2733 2500 quinto,

795 2563 1079 2632 Origirale
1105 2564 1551 2625 membraneum,
1591 2563 1912 2633 appendent
1938 2564 2085 2618 duae
2110 2551 2289 2617 'zonae
2316 2561 2580 2624 sericeae,
2620 2579 2655 2616 a
2681 2577 2918 2632 quarum
2958 2561 3141 2631 prima

576 2653 784 2722 pendet
819 2652 1063 2720 sigillum
1102 2652 1270 2706 Vlrici
1309 2652 1584 2721 Kostibol,
1624 2653 1858 2706 exibens
1896 2652 1953 2706 in
1993 2656 2151 2706 scuto
2192 2652 2481 2712 circinum,
2520 2651 2671 2706 aliud
2712 2650 2893 2720 periit.
2950 2651 3011 2708 In
3050 2667 3137 2704 ar·

578 2742 1003 2811 ohim-regnor.
1041 2743 1103 2796 D.
1143 2741 1198 2796 S.
1238 2745 1292 2796 et
1329 2743 1418 2797 D.:
1483 2743 1615 2797 lloc.
1657 2741 1826 2796 medii
1867 2742 2012 2796 aevi.
2052 2758 2101 2796 a.
2142 2741 2299 2796 1455.

801 2922 818 2952 ²
857 2921 955 2977 sic.
1001 2923 1018 2952 ³
1055 2922 1137 2976 sic
1174 2921 1564 2992 (vocatarum).

937 3049 980 3092 0

1740 3224 1950 3295 20⁷.

789 3425 972 3486 Anno
1031 3423 1214 3486 1455.
1265 3423 1366 3485 21.
1417 3425 1642 3504 aprilis,
1689 3425 2062 3504 Zagrabiae.

581 3621 830 3685 Coram
879 3619 1184 3684 Iohanne
1219 3618 1373 3704 filio
1421 3619 1781 3684 Benedicti
1812 3618 2132 3704 Iagnyoe,
2177 3619 2261 3683 de
2305 3617 2541 3704 Super.
2590 3618 2984 3696 Lukawecz,
3032 3639 3137 3682 co-

579 3729 748 3793 mite
793 3728 1112 3798 terrestri
1185 3727 1434 3811 Campi
1495 3726 2013 3810 Zagrabiensis,
2075 3725 2348 3811 Mathey
2400 3725 2608 3809 filius
2668 3725 3012 3790 Anthonii
3055 3725 3138 3789 de

584 3832 1050 3914 Korilowecz,'
1072 3837 1450 3902 sessionem
1498 3834 1850 3921 quandam
1900 3836 1981 3899 in
2030 3835 2457 3898 Korilowecz
2516 3833 2843 3911 habitam,
2892 3854 3134 3898 novem

568 3944 870 4030 florenis
903 3943 1202 4021 Briccz‘O,
1261 3944 1323 4009 T
1317 3943 1558 4008 Itomae
1602 3946 1668 4006 et
1715 3941 1954 4006 Iacobo
1976 3940 2165 4026 filiis
2205 3941 2495 4024 Georgii
2540 3942 2712 4006 olim
2743 3943 3022 4027 supani‚
3054 3963 3135 4006 ac

1096 4049 1534 4116 Elisabethae
1581 4051 1802 4114 matri
1846 4049 2242 4124 eorundem,
2290 4048 2612 4113 vendunt.

787 4251 920 4312 Nos
965 4252 1276 4312 Iohannes
1323 4250 1484 4309 filius
1533 4249 1802 4310 condam
1847 4249 2172 4310 Benedicti
2203 4249 2475 4328 Iagnycz
2522 4249 2600 4308 de
2648 4247 2964 4326 Superiori
3011 4248 3132 4306 Lu-

573 4357 830 4417 kawecz
878 4377 1089 4419 comes
1137 4357 1444 4419 terrestris
1492 4356 1722 4437 Campi
1767 4356 2213 4438 Zagrabiensis
2272 4355 2569 4416 memorie
2619 4355 3131 4415 commendamus

573 4473 789 4524 tenore
836 4466 1232 4544 presencium
1291 4465 1719 4546 significantes
1785 4465 2009 4543 quibus
2058 4464 2309 4543 expedit
2355 4463 2678 4539 universis,
2728 4464 2897 4542 quod
2954 4463 3134 4521 nobis

573 4573 726 4634 feria
773 4575 1052 4635 secunda
1098 4575 1380 4653 proxima
1430 4583 1574 4634 ante
1637 4575 1865 4634 festum
1911 4573 2081 4634 beati
2128 4572 2389 4652 Georgii
2449 4573 2733 4648 martiriS,
2782 4591 2947 4631 nune
2993 4589 3133 4650 pro-

568 4680 731 4741 xime
793 4681 1087 4760 preterito
1101 4677 1136 4756 ¹,
1183 4682 1246 4742 in
1295 4683 1445 4742 sede
1492 4690 1708 4742 nostra
1753 4681 2077 4742 iudiciaria
2121 4680 2551 4761 Zagrabiensi,
2618 4681 2694 4740 de
2742 4697 2916 4739 more
2980 4678 3134 4737 alias

571 4788 703 4849 fieri
751 4798 1067 4864 consvet0,
1115 4790 1178 4850 in
1224 4789 1452 4850 iudicio
1498 4810 1611 4868 pro
1659 4789 1948 4850 tribunali
1981 4789 2342 4850 sedentibus
2376 4807 2725 4868 causasque
2771 4794 3133 4847 cunctorum

576 4917 790 4959 coram
817 4898 1000 4966 nobis
1051 4897 1434 4979 litigancium
1469 4898 1631 4958 iusta
1685 4897 1834 4958 iuris
1867 4898 2306 4958 moderacione
2337 4895 2839 4970 discucientibuS,
2872 4895 3133 4972 Mathey

567 5005 726 5066 filius
757 5005 1052 5066 Anthonii
1101 5006 1179 5066 de
1201 5004 1636 5079 -Korilowecz,
1671 5013 1946 5066 nostram
1984 5006 2241 5065 veniens
2286 5003 2693 5083 personaliter
2722 5002 3131 5080 presenciam,
