3917 5592
3023 452 3182 525 :215

830 834 1025 927 'Anno
1080 864 1265 930 1428.
1321 864 1416 926 10.
1464 825 1747 927 ianuarii.
1792 866 1863 927 In
1908 824 2206 925 Dombro.

632 1079 979 1144 Iohannes
1024 1079 1385 1163 episcopus
1428 1076 1940 1163 Zagrabiensis,
1987 1076 2241 1142 silvam
2289 1074 2369 1141 in
2435 1072 2906 1140 Costhaneucz
2969 1073 3185 1138 Fran-

1152 1188 1335 1253 cisco
1380 1188 1716 1252 canonico
1761 1184 2224 1269 Zagrabiensi
2269 1182 2654 1249 adiudicat.

1936 1400 2280 1458 Commissio
2319 1404 2550 1473 propria
2587 1404 2802 1461 domini
2843 1403 3113 1475 episcopi.

847 1534 983 1594 Nos
1028 1535 1337 1595 Iohannes
1387 1534 1487 1594 dei
1524 1541 1599 1597 et
1645 1532 1986 1612 apostolice
2033 1532 2200 1593 sedis
2269 1533 2488 1614 gracia
2533 1533 2864 1612 episcopus
2926 1531 3186 1605 ecclesie

617 1642 1101 1722 ZagrabiensiS,
1134 1641 1298 1702 sacri
1329 1640 1595 1701 Romani
1617 1640 1859 1719 imperii
1892 1649 1955 1701 et
1977 1640 2154 1721 reg-ie
2185 1640 2530 1701 maiestatis
2555 1640 2882 1721 Hungarie
2903 1658 3190 1700 summus

634 1749 1043 1809 cancellarius
1092 1769 1166 1809 ac
1216 1749 1505 1809 dominus
1538 1750 1751 1809 castri.
1786 1750 1864 1809 de
1912 1750 2286 1810 Medweuar
2331 1750 2630 1811 memorie
2677 1750 3190 1811 commendantes

634 1865 849 1918 tenore
898 1858 1291 1936 presencium
1338 1858 1769 1939 significamus
1815 1858 2042 1935 quibus
2089 1857 2342 1936 expedit
2396 1858 2722 1933 universi8‚
2781 1859 2950 1937 quod
3010 1856 3190 1916 nobis

630 1984 830 2043 nuper
854 1965 1026 2024 iuxta
1050 1965 1505 2026 continenciam
1534 1966 1796 2025 aliarum
1819 1965 2164 2025 litterarum
2197 1974 2550 2026 nostrarum
2575 1964 3185 2039 adiudicatoriarum,

628 2071 784 2131 feria
832 2080 1009 2131 sexta
1054 2073 1338 2153 proxima
1381 2081 1526 2152 post
1570 2073 1799 2133 festum
1832 2072 2322 2137 circumcisionis
2369 2072 2619 2148 domini,
2655 2074 2935 2152 proxime
2983 2080 3187 2151 prete-

630 2180 832 2252 ritum,
878 2179 1210 2259 Zagrabie,
1258 2199 1372 2258 pro
1419 2180 1626 2240 causis
1672 2180 2060 2260 litigancium
2115 2180 2530 2241 discuciendis
2584 2188 2646 2240 et
2691 2180 2918 2241 iudicio
2979 2180 3190 2240 mode-

631 2286 831 2347 rativo
876 2286 1164 2346 faciendo
1213 2286 1711 2361 consedentibuS,
1759 2287 2078 2347 Anthonio
2125 2287 2250 2347 filio
2296 2287 2482 2361 Petri,
2530 2286 2841 2367 Gregorio
2889 2295 2954 2347 et
2995 2288 3191 2346 Paulo

630 2394 770 2454 filiis
818 2394 1125 2469 Damiani,
1174 2395 1419 2454 Thoma
1465 2395 1593 2455 filio
1624 2394 1810 2469 Petri,
1842 2395 2263 2455 Nicolao.filio
2295 2394 2502 2469 Pauli,-
2522 2396 2798 2471 Symone
2828 2394 3192 2473 Begouych,

616 2503 951 2580 Stephano
999 2502 1451 2562 Therchleuich
1498 2502 1624 2563 filio
1671 2503 1951 2580 Mathye,
1997 2503 2330 2563 Valentino
2389 2503 2516 2563 filio
2561 2502 2881 2582 Stephani,
2944 2502 3194 2563 Thoma

630 2608 757 2668 filio
804 2609 983 2669 Pauli
1029 2617 1093 2668 et
1138 2610 1335 2669 altero
1396 2610 1642 2671 Thoma
1688 2610 1813 2670 filio
1861 2610 2152 2669 Iohannis
2202 2628 2277 2670 ac
2322 2610 2698 2670 Sebastiano
2761 2610 2886 2671 filio
2933 2610 3195 2687 Myklyn

634 2716 893 2795 aliisque
940 2716 1249 2778 universis
1297 2725 1360 2777 et
1406 2717 1666 2806 singulis
1714 2718 2024 2779 nobilibus
2073 2718 2498 2778 castrensibus
2545 2719 2624 2781 de
2671 2717 2919 2797 Campo
2950 2720 3188 2797 Zagra-

630 2824 847 2899 biensi,
892 2824 955 2883 in
1001 2824 1149 2885 villa
1193 2824 1474 2885 Inferiori
1518 2824 1898 2903 Lompnicza
1946 2833 2170 2885 vocata
2203 2825 2750 2900 commorantibus»,
2779 2834 2845 2885 ut
2879 2825 3193 2885 actoribus

634 2933 713 2992 ab
759 2951 902 3006 una,
952 2940 1169 2992 contra
1232 2931 1661 2993 honorabilem
1708 2932 1910 2992 virum
1974 2931 2295 2992 dominum
2359 2932 2762 2993 Franciscum
2823 2932 3194 2995 canonicum

632 3049 695 3099 et
740 3047 1171 3099 succentorem
1220 3039 1483 3100 ecclesie
1531 3048 1742 3099 nostre
1775 3040 2221 3119 Zagrabiensis
2267 3040 2563 3119 predicte,
2611 3048 2680 3100 ut
2725 3040 2787 3099 in
2835 3060 3054 3101 cusam
3101 3048 3191 3099 at-

634 3156 901 3206 tractum
946 3156 1124 3225 parte
1172 3148 1251 3206 ab
1302 3147 1513 3220 altera,
1577 3164 1791 3206 coram
1851 3146 2032 3205 nobis
2080 3147 2491 3224 personaliter
2537 3148 2904 3221 constitutiS,
2967 3166 3190 3225 propo-

632 3255 923 3314 nentibus
970 3263 1034 3313 et
1098 3254 1513 3334 allegantibus
1577 3273 1653 3313 eo
1700 3254 1904 3327 mod0,
1970 3255 2286 3333 quomodo
2352 3254 2468 3331 ipsi
2535 3254 2776 3315 nobiles
2839 3263 3194 3313 castrenses

640 3354 902 3439 predicti
973 3369 1035 3421 et
1082 3360 1359 3439 ipsorum
1429 3362 1930 3439 predecessoreS,
2004 3361 2176 3420 silvis
2222 3361 2381 3421 inter
2419 3369 2631 3421 ‘metas
2702 3362 2982 3421 eiusdem
3055 3362 3192 3420 ville

636 3466 859 3545 prefati
907 3468 1141 3528 domini
1206 3468 1607 3543 succentoriS‚
1655 3468 2097 3528 Costhaneucz
2143 3477 2386 3542 vocate,
2449 3489 2487 3529 a
2535 3470 2673 3529 loco
2739 3470 2974 3531 scilicet
3035 3469 3191 3529 Cra-

632 3575 1289 3652 lichynomozthysche
1314 3575 1685 3654 incipiendO,
1711 3595 1910 3654 usque
1935 3577 2252 3655 quendam
2277 3576 2542 3638 rivulum
2569 3576 2918 3637 Crikouecz
2939 3577 3192 3649 dictum,

634 3691 699 3742 et
755 3702 871 3761 per
932 3683 1203 3743 eundem
1262 3682 1423 3744 infra
1458 3684 1689 3743 eundo
1748 3683 1831 3742 ad
1890 3692 2135 3761 partem
2199 3684 2567 3744 orientalem
2627 3684 2690 3744 in
2752 3685 2918 3745 bono
2951 3685 3193 3762 ·spa0io

633 3810 833 3870 usque
880 3791 1195 3870 quendam
1250 3791 1457 3850 locum
1520 3786 1955 3869 Lapathycza¹
2002 3802 2314 3866 vocatum,
2363 3792 2589 3852 deinde
2637 3812 2836 3871 usque
2882 3793 2970 3871 >ad
3014 3793 3191 3855 arbo.-

636 3918 771 3959 rem
819 3898 1053 3977 querci,
1099 3898 1204 3977 qui
1248 3898 1471 3958 dicitur
1502 3899 1946 3979 Podgorelecz,
1997 3900 2076 3959 ab
2125 3901 2348 3960 eode'm
2397 3901 2478 3962 ad
2525 3900 2714 3961 aliurn
2759 3900 2972 3961 locum·
3012 3900 3189 3977 Spot·

635 4008 823 4065 kowa
868 4007 1103 4081 Mlaka,
1152 4007 1229 4065 de
1277 4006 1419 4066 hinc
1451 4026 1649 4085 usque
1699 4007 1781 4066 ad
1826 4008 2141 4086 quendam
2185 4008 2426 4069 riwlum
2473 4008 2942 4085 Hranychnyak
2990 4016 3052 4067 et
3084 4014 3196 4085 pe'r

634 4115 861 4174 eudem
910 4132 1159 4173 sursum
1206 4114 1413 4172 eundo
1459 4132 1679 4172 versus
1729 4114 1809 4172 ad
1852 4114 2077 4188 locum,
2123 4115 2230 4193 qui
2277 4114 2498 4175 dicitur
2543 4114 2804 4177 Zlobina
2852 4114 3069 4193 draga,
3116 4114 3194 4173 de

636 4221 860 4281 eadem
905 4240 1019 4300 per
1064 4240 1365 4299 magnam
1421 4220 1587 4279 viam
1634 4220 1697 4279 in
1744 4221 1911 4281 bono
1958 4221 2174 4300 spacio
2231 4222 2460 4284 eundo,
2485 4223 2566 4281 ad
2611 4230 2856 4299 partem
2902 4221 3188 4281 occiden-

644 4330 805 4388 alem
839 4348 1037 4407 usque
1086 4330 1167 4388 ad
1212 4328 1417 4389 locum
1464 4328 1569 4406 qui
1602 4327 1825 4387 dicitur
1870 4328 2232 4405 Dewyache
2283 4328 2615 4406 Kalysche,
2664 4329 2743 4388 ab
2790 4328 2933 4388 hinc
2966 4336 3196 4407 usquet

636 4436 717 4495 ad
763 4436 1109 4513 predictum
1148 4437 1379 4496 -locum
1439 4434 2224 4513 Cralychinomozthysche
2287 4444 2620 4509 vocatum,
2642 4435 2888 4509 habitis,
2947 4454 3196 4512 semper

636 4544 734 4603 usi
780 4543 1044 4605 fuissent
1091 4552 1153 4603 et
1199 4544 1437 4603 eisdem
1485 4544 1804 4622 equaliter,
1851 4552 2036 4622 prout
2088 4544 2330 4622 prefato
2378 4543 2628 4605 domino
2675 4542 3010 4603 Francisco
3056 4562 3193 4603 suc·

637 4651 873 4711 centorl
935 4650 1333 4729 pertinerent,
1368 4652 1747 4730 ,eodemque
1817 4651 2070 4712 domino
2128 4658 2508 4732 succentore.
2541 4656 2756 4711 coram
2813 4649 2993 4709 nobis
3055 4669 3193 4727 per-

636 4758 932 4818 sonaliter
978 4766 1223 4819 astante
1271 4766 1334 4818 et
1380 4757 1617 4818 eisdem
1666 4778 1741 4818 ex
1780 4758 2530 4836 adverso-respondente,
2580 4758 2894 4835 quomodo
2929 4757 3195 4820 condam

634 4867 807 4926 Iwan
867 4867 1171 4927 litteratus
1219 4868 1297 4926 de
1344 4867 1586 4945 prefata
1633 4867 1910 4926 Interiori
1935 4904 1941 4916 ·
1962 4866 2364 4944 Lompnicha,
2413 4884 2585 4938 avus
2615 4866 2850 4928 scilicet
2896 4865 3196 4935 eiusdem,

634 4975 981 5053 predictam
996 4975 1219 5035 ,villam
1251 4974 1690 5034 Costhaneucz
1724 4982 2034 5047 vocatam,
2081 4974 2196 5033 sub
2239 4974 2419 5033 metis
2468 4972 3195 5050 et.1imitibus.predictis
