3917 5592
3024 490 3153 569 293

590 705 839 807 mendo,
884 706 1231 797 predictam
1263 724 1500 780 rectam
1525 724 1588 778 et
1614 710 1900 799 equalem
1947 727 2235 799 quartam
2268 730 2511 798 partem
2543 720 2783 799 prefate
2804 721 3155 781 medietatis

583 825 1094 904 possessionarie‚
1141 826 1462 905 hucusque
1493 834 1560 887 ut
1581 820 1929 905 premititur
1974 827 2259 908 litigiose,
2293 830 2413 889 hoc
2446 837 2541 888 est
2585 836 2875 889 octavam
2908 837 3153 908 partem

584 933 1000 1011 predictarum
1031 931 1311 994 totalium
1339 933 1807 1012 possessionum
1841 942 1904 994 et
1933 935 2299 1013 porcionum
2345 936 2981 1015 possessionariarum
3050 955 3147 996 se-

585 1041 726 1119 pius
771 1040 882 1099 fati
930 1041 1110 1101 Pauli
1154 1042 1376 1121 Wrag,
1423 1060 1588 1101 nunc
1647 1041 1772 1101 iam
1818 1041 2017 1120 ipsius
2065 1043 2334 1103 Emerici
2400 1052 2463 1103 et
2527 1044 2833 1103 dictorum
2894 1043 3190 1103 fratrum-

588 1167 861 1223 suorum,
907 1147 1252 1227 predictam
1300 1147 1647 1208 sessionem
1705 1168 1816 1209 seu
1880 1156 2110 1209 terram
2174 1149 2583 1210 sessionalem
2646 1170 2788 1209 cum
2847 1151 3033 1209 domo
3098 1150 3158 1209 in

591 1257 819 1317 eadem
867 1255 1147 1317 sessione
1196 1255 1736 1333 superhedificata,
1787 1275 1861 1316 ac
1909 1276 2052 1316 cum
2100 1256 2275 1317 curia
2322 1265 2384 1317 et
2430 1266 2567 1317 orto
2632 1257 2861 1318 ibidem
2910 1257 3156 1331 habitis,

589 1364 652 1423 in
701 1364 928 1443 quibus
975 1364 1108 1442 ipse
1172 1364 1418 1424 Blasius
1476 1364 1879 1441 Mayhenych
1938 1384 2107 1426 nunc
2166 1365 2451 1425 habitare
2499 1365 2855 1441 dinoscitur,
2908 1372 2973 1425 ut
3017 1384 3156 1443 pre-

587 1471 798 1546 fertur,
826 1473 908 1533 ad
933 1471 1131 1550 ipsam
1159 1479 1447 1550 quartam
1471 1480 1715 1550 partem
1740 1472 1902 1533 dicte
1932 1472 2285 1549 medietatis
2310 1458 2805 1552 possessionarie
2833 1473 3161 1552 hucusque

591 1578 879 1659 litigiose,
925 1579 1046 1639 hoc
1093 1587 1192 1639 est
1237 1579 1320 1639 ad
1365 1578 1596 1639 dictam
1643 1587 1933 1640 octavam
1982 1588 2226 1658 partem
2273 1581 2615 1642 earundem
2682 1580 2967 1641 totalium
3014 1599 3159 1659 pos·

595 1686 947 1746 sessionum
981 1694 1043 1747 et
1064 1686 1438 1765 porcionum·
1476 1686 2116 1764 possessionariarum
2162 1688 2357 1769 ipsius
2409 1690 2676 1748 condam
2722 1688 2899 1748 Pauli
2938 1689 3159 1768 Wrag,

597 1792 721 1852 iam
771 1793 966 1871 ipsius
1013 1792 1284 1854 Emerici
1332 1802 1395 1853 et
1441 1793 1748 1853 dictorum
1778 1794 2041 1855 fratrum
2070 1814 2327 1855 suorum
2360 1804 2642 1875 tempore
2668 1794 3159 1857 mensuracionis

597 1900 876 1980 ipsarum
924 1901 1316 1979 includendO,
1365 1921 1504 1961 cum
1553 1902 1842 1962 omnibus
1891 1902 2173 1963 eiusdem
2220 1912 2440 1982 quarte
2473 1903 2667 1982 partis
2700 1904 2895 1983 ipsius
2928 1903 3161 1964 medie·

599 2009 746 2068 tatis
789 2008 1283 2087 possessionarie
1332 2028 1444 2069 seu
1491 2009 1690 2087 ipsius
1719 2018 1942 2070 octave
1990 2010 2185 2088 partis
2233 2010 2541 2071 dictarum
2587 2010 2863 2090 omnium
2911 2029 3159 2088 posses-

595 2116 840 2176 sionum
888 2125 951 2176 et
996 2117 1362 2195 porcionum
1407 2117 2046 2195 possessionariarum
2092 2116 2473 2192 utilitatibus,
2520 2118 3053 2178 fructuositatibus
3102 2124 3164 2176 et

594 2224 993 2303 pertinenciis
1041 2223 1366 2298 universiS,
1415 2224 1658 2302 prefato
1705 2224 1914 2285 Blasio
1979 2225 2381 2301 Mayhenych
2429 2224 2680 2284 racione
2728 2224 3005 2311 ipsarum
3054 2242 3159 2283 ex-

595 2350 951 2409 pensarum,
977 2331 1314 2410 fatigarum
1342 2349 1417 2390 ac
1447 2331 1895 2391 beneficiorum
1927 2350 2201 2406 suorum,
2241 2350 2316 2391 ac
2344 2350 2457 2410 per
2488 2350 2632 2391 eum
2656 2331 2784 2390 suis
2809 2331 3165 2405 heredibuS,

598 2438 925 2498 confessus
974 2444 1072 2497 est
1117 2438 1387 2513 dedisse,
1432 2458 1645 2515 ymmo
1694 2438 1865 2499 dedit
1911 2447 1975 2497 et
2021 2439 2277 2499 contulit
2324 2457 2537 2499 coram
2590 2438 2741 2517 ipsis
2787 2438 3163 2517 composito-

598 2544 768 2604 ribus
819 2561 1036 2605 eorum
1082 2545 1216 2604 iure
1278 2554 1581 2623 perpetuo
1644 2553 1707 2605 et
1751 2546 2240 2607 irrevocabiliter
2298 2547 2759 2625 possidendam,
2796 2546 3162 2631 ‘tenendam‘

603 2652 837 2731 pariter
899 2660 961 2713 et
1005 2652 1364 2713 habendam
1427 2660 1490 2713 et
1561 2654 2126 2733 quomodocunque
2197 2655 2370 2714 iuxta
2416 2654 2593 2735 regni
2645 2653 3157 2715 consvetudinem

597 2759 863 2820 voluerit
909 2759 1382 2838 disponendam,
1431 2758 1585 2819 alias
1633 2767 1845 2820 autem
1890 2770 2019 2821 tres
2066 2770 2269 2822 rectas
2318 2770 2381 2823 et
2427 2764 2681 2841 equales
2726 2768 2957 2839 partes
3019 2780 3157 2839 pre-

599 2868 724 2931 fate
759 2866 1112 2928 medietatis
1143 2860 1656 2945 possessionarie,
1701 2867 2025 2946 hucusque
2075 2876 2143 2927 ut
2172 2867 2509 2946 predicitur
2538 2868 2823 2948 litigiose,
2860 2888 2933 2928 ac
2968 2866 3153 2927 aliam

598 2976 998 3036 medietatem
1046 2983 1242 3035 totam
1285 2975 1632 3035 earundem
1677 2975 2149 3052 possessionum
2196 2984 2259 3035 et
2299 2975 2664 3055 porcionum
2725 2975 3155 3053 possessiona-

600 3085 860 3157 riarum,
895 3086 1016 3143 hoc
1062 3092 1158 3144 est
1205 3093 1447 3162 septem
1495 3082 1780 3143 residuas
1827 3102 2048 3143 omnes
2096 3092 2306 3161 partes
2364 3084 2641 3162 ipsarum
2686 3084 2969 3143 totalium
3013 3102 3156 3162 pos-

601 3193 951 3252 sessionum
999 3201 1062 3252 et
1106 3192 1469 3270 porcionum
1517 3170 2156 3270 possessionariarum
2204 3192 2414 3271 sepius
2463 3192 2609 3252 dicti
2656 3193 2924 3252 condam
2979 3189 3155 3251 Pauli

603 3300 820 3377 Wrag,
866 3300 928 3358 in
975 3298 1254 3376 predicta
1300 3299 1575 3358 Inferiori
1640 3300 2023 3377 Lompnicza
2086 3308 2148 3359 et
2209 3299 2342 3359 eius
2405 3317 2627 3377 campo
2689 3317 2803 3359 seu
2849 3298 3155 3359 territorio

601 3424 677 3465 ac
723 3405 1120 3489 pertinenciis
1189 3400 1539 3468 habitarum
1605 3414 1668 3465 et
1725 3406 2149 3481 existencium,
2229 3406 2452 3485 quovis
2512 3406 2780 3465 nominis
2852 3406 3156 3465 vocabulo

600 3513 1030 3586 vocitatarum,
1079 3532 1220 3572 cum
1269 3532 1484 3572 earum
1533 3513 1821 3573 omnibus
1870 3512 2233 3573 utilitatibus
2281 3522 2345 3574 et
2390 3512 2785 3591 pertinenciis
2832 3512 3157 3587 universis,

606 3621 738 3699 ipse
786 3620 1118 3684 Emerieus
1159 3628 1334 3682 antor
1379 3639 1492 3697 pro
1539 3640 1608 3681 se
1657 3627 1720 3679 et
1763 3640 1877 3699 pro
1926 3620 2181 3699 prefatis
2228 3620 2521 3680 fratribus
2568 3620 2715 3695 suiS,
2762 3628 2893 3680 tam
2940 3638 3157 3680 carna·

599 3727 760 3787 libus
807 3746 996 3807 quam
1058 3727 1443 3806 patruelibus
1491 3736 1554 3787 et
1600 3728 1876 3806 ipsorum
1924 3728 2261 3789 heredibus
2308 3728 2615 3806 premisso
2657 3728 2790 3789 iure
2823 3727 3157 3787 nobilitatis

603 3835 976 3895 hereditario
1044 3812 1196 3912 ipsis
1269 3835 1683 3909 incumbente,
1749 3835 2095 3895 reservavit
2158 3844 2462 3914 perpetuo
2525 3844 2587 3895 et
2630 3835 3163 3896 irretractabiliter

600 3942 1014 4020 possidendas
1079 3950 1139 4002 et
1187 3943 1764 4021 quomodocunque·
1813 3942 1984 4002 iuxta
2047 3943 2224 4023 regni
2286 3942 2800 4003 consvetudinem
2854 3942 3162 4002 voluerint

602 4050 1051 4128 disponendas;
1099 4050 1160 4109 in
1209 4069 1335 4128 qua
1365 4050 1576 4129 itaque
1609 4050 2069 4128 composicione
2103 4058 2165 4109 et
2197 4048 2531 4109 concordia
2558 4049 2717 4109 inter
2749 4050 2917 4127 ipsas
2949 4058 3160 4128 partes

601 4178 714 4236 per
759 4157 1036 4236 prefatos
1084 4158 1533 4235 compositores
1582 4166 1644 4217 et
1672 4158 1946 4217 unitores
2003 4177 2075 4217 ac
2107 4158 2539 4237 pacificatores
2573 4157 2850 4235 ipsarum
2880 4136 3161 4235 parcium

601 4268 788 4326 modo
835 4265 1140 4343 premisso
1187 4265 1372 4339 facta,
1421 4266 1642 4326 eedem
1691 4265 1874 4325 ambe
1921 4274 2133 4343 partes
2182 4273 2529 4343 spontanea
2577 4273 2639 4325 et
2683 4264 2851 4325 bona
2899 4284 2973 4325 ac
3014 4284 3157 4325 eon-

602 4372 773 4432 cordi
820 4390 1036 4432 eorum
1085 4374 1402 4433 voluntate
1451 4380 1925 4451 assumpserunt
1993 4372 2251 4432 firmiter
2298 4381 2361 4432 et
2407 4371 2839 4432 inviolabiliter
2885 4371 2947 4431 in
2995 4389 3158 4431 ewm

600 4498 971 4557 permanere
1020 4482 1136 4539 sub
1200 4480 1578 4561 obligamine
1652 4480 2043 4558 infrascripto
2114 4480 2203 4540 sic
2273 4488 2653 4558 expressam,
2701 4480 2870 4559 quod
2938 4479 2989 4539 si
3038 4498 3157 4557 que

601 4606 748 4665 pars
811 4585 1088 4665 ipsarum
1149 4587 1431 4665 parcium
1494 4596 1601 4648 aut
1671 4588 1938 4648 heredes
1986 4587 2182 4665 ipsius
2229 4587 2292 4647 in
2337 4586 2619 4666 predicta
2681 4586 3158 4665 composicione,

601 4696 830 4755 unione
878 4703 941 4755 et
987 4697 1322 4757 concordia
1387 4697 1546 4757 inter
1609 4698 1867 4758 easdem
1932 4704 2147 4774 partes
2194 4715 2308 4774 per
2352 4696 2664 4774 predictos
2712 4696 3160 4773 compositores

602 4822 819 4864 earum
865 4805 1053 4864 modo
1099 4804 1406 4883 premisso
1452 4805 1635 4880 facta,
1684 4824 2000 4885 quoquam
2032 4804 2330 4883 temporis
2377 4804 2438 4863 in
2482 4822 2781 4882 processu
2828 4804 3161 4881 persistere

599 4910 864 4970 noluerit
909 4919 972 4971 et
1019 4930 1161 4971 eam
1208 4912 1536 4972 violaverit
1591 4912 1758 4972 litem
1806 4913 2120 4972 movendo
2169 4920 2275 4971 aut
2342 4910 2462 4970 alio
2526 4911 2715 4970 modo
2771 4930 3160 4989 quocunque,

607 5026 833 5077 extunc
882 5018 1022 5078 talis
1069 5037 1216 5097 pars
1265 5028 1482 5079 contra
1529 5018 1714 5079 aliam
1760 5028 2003 5097 partem
2052 5018 2113 5079 in
2173 5018 2309 5097 ipsa
2372 5018 2831 5097 composicione
2896 5026 2957 5077 et
3018 5024 3161 5077 con-'
