3917 5592
3089 472 3236 532 ’229

672 700 840 752 meta
884 701 1091 752 terrea
1140 693 1420 753 similiter
1466 693 1933 766 circumdatam,
1997 711 2191 772 penes
2255 692 2598 771 predictam
2663 698 2896 751 metam
2957 688 3236 766 ipsorum

671 800 966 860 nobilium
1012 801 1092 860 de
1138 801 1558 879 Lompnycza,
1607 808 1669 860 et
1713 819 1827 879 per
1874 800 2143 860 eandem
2205 808 2437 860 metam
2486 798 2771 877 spineam
2819 798 2900 857 ad
2945 796 3233 857 occiden-

670 916 799 966 tem
845 908 1245 986 procedendo
1308 908 1483 968 vadit
1550 908 1631 967 ad
1692 906 2041 986 predictum
2100 909 2292 985 Zepy,
2355 916 2418 967 et
2464 926 2577 985 per
2620 906 2826 984 ipsum
2888 905 3063 981 Zepy
3125 922 3240 982 per

675 1016 842 1076 viam
890 1016 1289 1095 procedendo
1338 1017 1419 1076 ad
1465 1016 1973 1095 septemtrionem
2019 1015 2368 1096 regreditur
2414 1016 2496 1075 ad
2541 1015 2806 1093 primam
2838 1020 3070 1073 metam
3115 1020 3236 1072 ter-

682 1142 874 1197 ream,
922 1123 1135 1201 sicque
1194 1132 1358 1184 mete
1424 1124 1765 1203 prescripte
1828 1123 2256 1187 terminantur.
2323 1124 2390 1183 In
2438 1141 2703 1201 quorum
2749 1120 3023 1181 omnium
3088 1139 3226 1197 pre-

675 1232 1008 1291 missorum
1078 1232 1504 1291 testimonium
1570 1231 2052 1310 firmitatemque
2121 1239 2508 1309 perpetuam,
2577 1228 2970 1308 presentibus
3035 1226 3240 1306 sigilla

670 1346 885 1398 nostra
932 1339 1117 1399 solita
1166 1339 1481 1399 autentica
1528 1340 1819 1398 duximus
1870 1339 2262 1417 appedenda.
2311 1338 2540 1397 Datum
2589 1335 2921 1415 Zagrabie,
2969 1334 3032 1393 in
3078 1336 3238 1393 testo

670 1453 1031 1504 sanctorum
1080 1444 1317 1505 Cosme
1366 1454 1429 1505 et
1475 1445 1766 1505 Damiani
1814 1446 2155 1519 martirum,
2221 1465 2386 1505 anno
2435 1444 2668 1505 domini
2715 1442 3040 1503 millesimo
3087 1460 3237 1521 qua·

670 1551 1163 1632 dringentesimo
1214 1552 1523 1633 vigesimo
1570 1559 1813 1613 octava

897 1689 1181 1760 originale
1208 1692 1651 1763 membraneum,
1680 1692 1826 1746 duae
1852 1708 2032 1748 zonae
2057 1691 2321 1760 sericeas,
2347 1690 2532 1761 prima
2557 1692 2708 1755 flavi,
2732 1693 2911 1746 altera
2948 1690 3240 1746 coelestini

684 1780 894 1835 coloris
932 1780 1255 1850 appendent
1290 1782 1503 1851 absque
1541 1782 1754 1851 sigillis.
1794 1783 1855 1836 ln
1892 1781 2128 1837 archivo
2165 1798 2450 1836 commun.
2489 1782 2622 1835 nob.
2659 1782 2728 1835 de
2765 1781 3085 1851 Turopolje.

1851 2101 2063 2172 223.

894 2319 1079 2378 Anno
1136 2316 1320 2379 1428.
1370 2317 1473 2377 27.
1520 2318 1907 2396 septembris
1954 2319 2328 2399 Zagrabiae.

679 2528 1117 2593 Lowrandus
1150 2526 1361 2613 filius
1416 2528 1738 2614 Gyurgek
1782 2528 1864 2593 de
1896 2528 2147 2605 Losan,
2194 2548 2417 2593 comes
2468 2528 2714 2613 Campi
2745 2526 3244 2611 Zagrabiensis
3281 2612 3288 2619 ,

677 2657 760 2699 ac
818 2634 1137 2701 Vrbanus
1171 2635 1384 2720 filius
1413 2635 1737 2721 Mathyae
1780 2636 1861 2701 de
1908 2634 2074 2719 Sup.
2130 2635 2586 2720 Lompnycza,
2633 2654 2856 2699 comes
2887 2634 3242 2699 terrestris

678 2742 988 2806 eiusdem
1041 2742 1307 2827 Campi,
1354 2743 1964 2807 transmissionem
2011 2762 2262 2806 causae
2291 2742 2495 2806 Petri
2527 2741 2681 2825 filii
2728 2740 3068 2806 Iohannis
3087 2740 3240 2826 filii

1010 2848 1302 2913 Lucasii
1346 2848 1428 2913 de
1472 2848 1709 2913 Mlaka
1754 2848 1847 2912 ad
1886 2848 2114 2913 sedem
2145 2847 2478 2924 banalem,
2525 2846 2912 2932 notificant.

898 3063 1031 3123 Nos
1079 3054 1467 3123 Lowrandns
1515 3064 1676 3123 filius
1724 3064 2030 3143 Gyurgek
2076 3065 2154 3124 de
2202 3065 2413 3124 Losan
2443 3082 2672 3123 comes
2727 3063 2953 3141 Campi
2999 3064 3238 3142 Zagra-

674 3169 908 3229 biensis
940 3189 1015 3229 ac
1039 3170 1329 3229 Vrbanus
1349 3170 1511 3229 filius
1535 3170 1794 3246 Mathye
1820 3171 1899 3230 de
1925 3170 2243 3248 Superiori
2267 3171 2670 3248 Lompnycza
2695 3188 2906 3229 comes
2933 3169 3241 3251 terrestris

683 3276 965 3336 eiusdem
1013 3275 1241 3356 Campi
1288 3277 1509 3336 damus
1556 3296 1670 3355 pro
1718 3276 2036 3351 memoria,
2085 3278 2254 3356 quod
2300 3276 2446 3355 quia
2478 3278 2702 3336 Petrus
2749 3275 2910 3335 filius
2949 3276 3240 3336 Iohannis

680 3382 784 3441 filii
831 3382 1082 3443 Lucasii
1113 3383 1191 3443 de
1224 3383 1454 3457 Mlaka,
1502 3383 1723 3442 nobilis
1757 3382 2110 3457 castrensiS,
2159 3391 2228 3442 ut
2269 3384 2334 3443 in
2375 3398 2635 3443 causam
2683 3391 3002 3457 attractuS,
3049 3401 3233 3461 quas-

684 3489 830 3548 dam
878 3488 1089 3548 literas
1136 3496 1423 3567 patentes
1469 3489 1875 3568 obligatorias
1943 3489 2212 3549 condam
2259 3490 2543 3569 magistri
2590 3490 2881 3549 Iohannis
2943 3490 3238 3569 Hygged,

682 3596 851 3671 olym
903 3595 1225 3655 castellani
1286 3596 1365 3655 de
1411 3596 1664 3656 Medwe
1732 3595 2100 3675 comitisque
2168 3596 2312 3655 dicti
2361 3596 2588 3673 Campi
2657 3596 3114 3675 Zagrabiensis-
3166 3616 3240 3656 ac

683 3701 958 3761 Ladislai
1029 3701 1136 3761 filii
1184 3702 1510 3776 Valentini,
1580 3721 1693 3781 pro
1752 3710 1900 3761 tunc
1947 3702 2190 3762 comitis
2261 3680 2538 3761 similiter
2581 3702 2893 3762 terrestris
2963 3703 3242 3762 annotati

684 3807 910 3886 Campi
958 3808 1419 3888 ZagrabiensiS,
1468 3816 1685 3868 contra
1730 3809 1986 3869 Petrum
2033 3809 2227 3868 filium
2275 3808 2535 3889 Georgii
2581 3818 2642 3869 et
2675 3810 3002 3886 Mathyam
3048 3810 3240 3869 filium

686 3914 905 3989 Marci,
952 3915 1191 3975 nobiles
1238 3915 1516 3975 similiter
1575 3924 1929 3976 castrenses
1979 3916 2056 3975 de
2104 3916 2384 3994 predicta
2443 3917 2676 3990 Mlaka,
2738 3925 2808 3975 ut
2855 3926 3116 3990 actoreS,
3179 3918 3240 3977 in

685 4021 901 4081 sedem
949 4031 1229 4081 nostram
1276 4012 1662 4081 iudiciariam
1706 4022 1863 4082 feria
1922 4023 2202 4082 secunda
2248 4022 2530 4100 proxima
2575 4030 2718 4101 post
2779 4023 3009 4082 festum
3072 4024 3240 4083 beati

684 4128 923 4188 Mathei
972 4127 1237 4207 apostoli
1284 4136 1347 4188 et
1394 4128 1817 4209 ewangeliste,
1866 4129 1928 4188 in
1962 4148 2128 4189 anno
2161 4129 2394 4189 domini
2439 4129 2765 4189 millesimo
2813 4139 2927 4191 etc.
2960 4126 3238 4190 XXV110.

684 4233 965 4313 proxime
1011 4234 1324 4311 preteritO,
1356 4242 1638 4313 tempore
1686 4236 2016 4296 comitatus
2049 4236 2362 4297 terrestris
2396 4236 2622 4315 Campi
2653 4238 2911 4315 predicti
2937 4239 3239 4317 Stephani

686 4343 793 4403 filii
840 4342 1017 4405 Pedk
1063 4343 1142 4402 de
1174 4342 1531 4401 Lokawech
1580 4350 1643 4402 et
1674 4344 2003 4403 comitatus
2037 4344 2318 4405 eiusdem
2367 4344 2592 4423 Campi
2626 4346 2910 4424 magistri
2949 4346 3240 4405 Iohannis

687 4449 914 4509 literati
962 4448 1243 4509 officialis
1292 4448 1524 4508 domini
1571 4449 1860 4509 Iohannis
1910 4450 2186 4528 episcopi
2231 4450 2677 4527 Zagrabiensis
2726 4458 2858 4524 etc.,
2920 4470 3034 4530 per
3097 4472 3241 4511 eum

683 4556 747 4615 in
814 4556 1119 4614 Rakonok
1182 4562 1296 4614 ete.
1361 4555 1657 4632 deputati,
1719 4556 2131 4633 produxisset,
2200 4558 2437 4616 nullum
2508 4559 2712 4618 locum
2782 4576 2900 4617 nec
2970 4559 3241 4637 aliquam

686 4662 1097 4740 quantitatem
1145 4660 1263 4721 loci
1294 4680 1411 4721 nec
1460 4662 1659 4721 eciam
1693 4661 2062 4723 divisionem
2109 4665 2402 4723 metalem
2447 4665 2918 4742 possessionum
2966 4666 3238 4743 ipsarum

688 4767 986 4845 parcium,
1034 4768 1147 4827 sed
1195 4768 1651 4847 obligacionem
1700 4768 2108 4843 declaranteS,
2156 4770 2298 4828 ideo
2345 4770 2569 4848 prefati
2599 4772 2903 4851 mag-ister
2934 4770 3242 4833 Iohannes

687 4875 986 4947 literatuS,
1043 4892 1273 4948 comeS,
1337 4881 1399 4933 et
1444 4876 1797 4953 Stephanus
1860 4875 2022 4934 filius
2073 4876 2266 4951 Pedk,
2316 4896 2526 4937 comes
2579 4880 2909 4957 „terrestris
2981 4881 3240 4959 predicti

683 4980 926 5059 Campi,
972 4998 1245 5039 unacum
1275 4980 1552 5058 pluribus
1600 4982 1777 5059 regni
1805 4989 1867 5040 et
1899 4982 2086 5041 castri
2117 4983 2444 5055 nobilibuS,
2471 5000 2604 5062 ‘pro
2655 4994 2802 5045 tunc
2831 5005 2973 5046 cum
3007 4986 3240 5047 eisdem
