3917 5592
767 475 898 537 248

758 692 1125 773 iobagiones
1174 694 1368 754 nostri
1412 692 1712 774 fidedigni
1758 693 1819 751 in
1852 692 2182 771 quindenis
2225 693 2501 771 predicte
2533 692 2684 753 ferie
2717 694 2990 754 secunde
3025 695 3104 754 de
3136 713 3310 754 more

758 800 914 860 alias
960 800 1141 860 solito
1190 801 1411 861 exinde
1460 802 1543 860 ad
1588 820 1703 859 nos
1732 800 1985 874 reversi,
2020 807 2082 859 et
2111 819 2225 878 per
2271 819 2386 859 nos
2420 799 2749 879 diligenter
2795 801 3089 880 requisiti,
3137 801 3317 861 nobis

760 908 1152 968 concorditer
1215 910 1557 968 retulerunt
1618 927 1694 968 eo
1742 908 1947 980 mod0,
2022 915 2088 966 ut
2149 907 2267 985 ipsi
2357 906 2514 966 feria
2572 908 2788 986 quinta
2848 909 3132 987 proxima
3177 917 3320 987 post

756 1014 984 1074 festum
1030 1015 1199 1075 beati
1245 1016 1455 1076 Iacobi
1516 1014 1796 1094 apostoli,
1858 1015 1921 1074 in
1967 1015 2129 1074 testo
2175 1015 2412 1075 scilicet
2470 1015 2656 1074 beate
2702 1014 2842 1074 Ane
2898 1017 3113 1076 matris
3177 1017 3322 1096 glo-

760 1123 925 1183 riose
990 1143 1240 1202 semper
1303 1123 1563 1204 virginis
1626 1123 1845 1196 Mat-ie,
1918 1142 2082 1182 nunc
2131 1123 2410 1200 proxime
2456 1123 2769 1202 preterit0,
2817 1125 2899 1184 ad
2944 1123 3138 1184 facies
3187 1124 3318 1183 uni-

760 1249 1085 1290 versarum
1134 1241 1197 1290 et
1242 1231 1658 1310 quarumlibet
1703 1231 2174 1309 possessionum
2220 1238 2284 1290 et
2328 1230 2694 1308 porcionum
2754 1231 3318 1309 possessionarium

760 1337 955 1415 ipsius
1002 1339 1234 1398 domini
1290 1321 1606 1398 Francisci
1653 1338 1731 1398 de
1778 1339 2061 1416 predicta
2121 1337 2399 1398 Inferiori
2459 1339 2859 1417 Lompnicza,
2921 1339 3319 1418 possessione

762 1445 1051 1506 videlicet
1098 1465 1211 1505 seu
1249 1445 1401 1505 villa
1446 1445 1535 1506 sic
1583 1453 1829 1520 vocata,
1876 1455 1939 1505 et
1987 1446 2142 1506 alias
2196 1445 2400 1505 ubivis
2455 1444 2516 1504 in
2564 1446 2729 1506 dicto
2777 1445 3022 1526 Campo
3083 1448 3320 1526 Zagra—

759 1553 959 1613 biensi
1007 1553 1415 1614 existencium
1463 1563 1525 1613 et
1570 1553 1941 1628 habitarum,
2006 1573 2129 1633 que
2192 1555 2461 1614 condam
2506 1555 2714 1614 Iacobi
2778 1555 2885 1614 filii
2933 1554 3193 1636 Georgii
3240 1555 3319 1614 de

762 1661 1064 1736 Klokoch,
1090 1663 1258 1738 olym
1290 1662 1613 1722 castellani
1644 1663 1833 1722 castri
1863 1663 2255 1721 Medwewar
2286 1661 2493 1722 vocati
2529 1662 2922 1740 prefuissent,
2971 1670 3033 1722 et
3063 1663 3322 1722 tandem

758 1788 873 1846 per
892 1770 1221 1846 Mathyam
1245 1770 1439 1828 filium
1462 1769 1745 1829 eiusdem
1766 1769 1992 1842 Iacobi,
2017 1769 2237 1848 vigore
2263 1776 2575 1829 certarum
2597 1770 2940 1830 litterarum
2965 1777 3322 1830 nostrarum

758 1877 1237 1956 privilegialiurn
1284 1877 1507 1936 exinde
1556 1877 1982 1936 confectarum
2029 1883 2091 1936 et
2116 1885 2568 1950 emanatarum,
2620 1877 2924 1937 Farkasio
2951 1877 3078 1936 filio
3118 1876 3326 1956 Egidii

766 1985 844 2045 de
891 1985 1179 2044 Klokoch
1226 1983 1603 2062 supradicta,
1649 2004 1763 2062 pro
1796 1991 1968 2044 certa
2015 1983 2279 2062 pecunie
2327 2003 2572 2043 summa
2603 1984 3047 2062 perpetualiter
3071 1985 3321 2043 vendite

757 2093 1120 2167 extitissent,
1168 2112 1243 2152 ac
1291 2093 1543 2152 demum
1589 2103 1703 2170 per
1749 2093 2020 2152 eundem
2067 2091 2438 2151 Farkasium
2500 2093 2676 2151 aliter
2735 2093 3066 2169 Mathyam
3125 2091 3318 2151 nomi·

756 2209 988 2274 natum,
1036 2199 1229 2259 fllium
1276 2200 1469 2278 ipsius
1516 2198 1742 2279 Egidii,
1790 2199 2010 2279 vigore
2059 2197 2338 2258 similiter
2385 2206 2698 2258 certarum
2736 2200 3088 2258 litterarum
3135 2199 3318 2277 privi-

757 2307 1075 2387 legialium
1104 2305 1477 2367 venerabilis
1510 2306 1763 2384 capituli
1790 2306 2055 2366 ecclesie
2088 2306 2534 2385 Zagrabiensis
2577 2306 2958 2383 supradicte,
2997 2326 3111 2384 pro
3143 2314 3320 2382 parte

754 2413 949 2492 ipsius
1012 2413 1244 2473 domini
1308 2413 1624 2473 Francisci
1690 2431 1880 2491 super
1949 2413 2190 2472 eisdem
2250 2413 2754 2491 possessionibus
2813 2422 2876 2472 et
2923 2413 3320 2491 porcionibus

754 2521 1267 2599 possessionariis
1315 2521 1394 2580 ad
1442 2519 1784 2580 fassionem
1831 2520 2094 2599 predicti
2140 2520 2401 2596 Mathye
2449 2520 2732 2579 Farkasii
2779 2519 3206 2580 confectarum
3253 2529 3316 2605 et

766 2635 1217 2702 emanatarun1,
1263 2627 1469 2687 eidem
1513 2627 1767 2687 domino
1814 2627 2150 2686 Francisco
2199 2635 2498 2705 perpetue
2547 2636 2611 2686 et
2655 2627 3147 2687 irrevocabiliter
3169 2648 3319 2687 ven-

760 2735 885 2795 dite
933 2735 1331 2808 haberentur,
1392 2743 1577 2813 prout
1620 2735 1743 2794 hoc
1788 2734 1851 2794 in
1899 2734 2138 2794 eisdem
2191 2734 2409 2794 litteris
2473 2743 2602 2794 tarn
2657 2735 2886 2794 nostris
2944 2753 3134 2813 quam
3180 2753 3318 2813 pre-

762 2843 909 2902 dicti
970 2843 1223 2921 capituli
1282 2843 1479 2920 ipsius
1542 2842 1807 2902 ecclesie
1872 2841 2321 2921 Zagrabiensis
2382 2841 2889 2922 privilegialibuS,
2955 2862 3068 2920 per
3115 2841 3322 2920 ipsum

752 2949 1075 3010 dominum
1120 2949 1523 3008 Franciscum
1570 2967 1781 3008 coram
1828 2948 2009 3008 nobis
2057 2949 2120 3006 in
2167 2948 2375 3026 specie
2421 2949 2740 3026 productis
2785 2949 3037 3026 limpide
3091 2956 3154 3008 et
3214 2967 3318 3008 ex-

750 3075 967 3135 presse
992 3056 1261 3116 vidimus
1293 3057 1610 3130 contineri,
1636 3056 1852 3115 vicinis
1883 3063 1946 3115 et
1978 3056 2424 3115 commetaneis
2451 3057 2791 3116 earundem
2837 3055 3307 3134 possessionum

754 3171 817 3222 et
861 3163 1225 3241 porcionum
1275 3163 1913 3241 possessionariarum
1960 3162 2269 3222 universis
2317 3161 2461 3220 inibi
2497 3161 2796 3241 legittime
2847 3163 3208 3233 convocatis
3256 3172 3320 3222 et

756 3271 1151 3352 presentibus
1200 3271 1631 3342 accessissent,
1658 3279 1719 3330 et
1752 3271 2024 3329 eundem
2070 3269 2390 3329 dominum
2437 3270 2486 3327 F
2488 3269 2839 3330 ranciscum
2871 3271 2932 3330 in
2969 3271 3310 3330 dominium

754 3378 1175 3456 predictarum
1239 3377 1671 3436 universarum
1740 3384 1803 3435 et
1848 3376 2265 3454 quarumlibet
2322 3375 2792 3454 possessionum
2841 3385 2903 3435 et
2950 3377 3316 3455 porcionum

750 3486 1385 3563 possessionariarum
1432 3483 1934 3557 introduxissent,
1985 3502 2059 3542 ac
2107 3483 2364 3542 easdem
2427 3482 2826 3560 possesiones
2874 3491 2938 3543 et
2983 3485 3312 3562 porciones

753 3593 1251 3671 possesionarias
1318 3591 1661 3666 universas,
1722 3611 1865 3651 cum
1914 3591 2200 3650 omnibus
2269 3589 2546 3667 ipsarum
2611 3590 2996 3664 utilitatibus,
3061 3590 3316 3663 iuribuS,

754 3699 987 3773 usibus,
1034 3699 1457 3778 proventibuS‚
1502 3697 1820 3772 fructibuS,
1847 3697 2162 3770 reditibuS,
2196 3697 2704 3770 obvencioanus,
2752 3697 3212 3778 integritatibus
3247 3707 3310 3757 et

766 3806 1162 3885 pertinenciis
1210 3806 1535 3880 universis,
1583 3815 1713 3865 tam
1760 3805 2158 3884 presentibus
2203 3823 2394 3882 quam
2439 3804 2662 3864 futuris
2711 3805 2792 3864 ad
2839 3806 3096 3865 easdem
3137 3823 3314 3882 spec-

748 3913 1023 3973 tantibus
1072 3933 1183 3973 seu
1243 3921 1530 3991 spectare
1592 3912 1981 3986 debentibuS,
2029 3911 2232 3971 eidem
2294 3910 2548 3971 domino
2607 3912 2941 3971 Francisco
3005 3912 3312 3991 premisso

750 4021 1091 4100 empcionis
1138 4021 1314 4080 titulo
1364 4029 1427 4080 et
1472 4021 1605 4080 iure
1666 4021 1785 4080 sibi
1848 4019 2231 4079 incumbenti
2293 4019 2358 4078 in
2416 4019 2720 4078 heredum
2780 4021 3044 4080 heredes
3093 4029 3155 4080 et
3201 4039 3310 4098 po-

753 4137 953 4187 steros
987 4146 1135 4186 suos
1163 4127 1491 4188 universos
1531 4127 1895 4186 statuissent
1925 4135 2231 4204 perpetuo
2262 4125 2695 4202 possidendaS,
2743 4127 3048 4186 tenendas
3081 4126 3314 4204 pariter

748 4243 811 4294 et
871 4234 1195 4294 habendas
1260 4243 1323 4294 et
1367 4235 1931 4313 quomodocunque
1998 4233 2260 4292 voluerit
2305 4233 2366 4290 in
2417 4232 2544 4291 vita
2599 4233 2831 4310 pariter
2893 4241 2954 4292 et
3001 4233 3063 4292 in
3110 4241 3310 4292 morte

753 4340 1061 4420 legandas
1124 4349 1189 4399 et
1233 4340 1632 4400 dimittendas
1696 4361 1809 4400 seu
1872 4340 2314 4418 disponendas,
2361 4339 2608 4398 nemine
2673 4340 3134 4400 contradicente
3197 4359 3316 4399 nec

751 4447 958 4524 aliquo
1006 4448 1459 4507 contradictore
1522 4447 1768 4526 penitus
1833 4455 2195 4525 apparente,
2241 4446 2536 4524 predictis
2583 4445 3020 4525 iobagionibus
3078 4447 3304 4506 nostris

754 4555 813 4614 in
862 4555 1143 4614 faciebus
1216 4556 1559 4615 earundem
1604 4555 2074 4634 possessionum
2137 4562 2200 4614 et
2245 4554 2609 4632 porcionum
2674 4553 3308 4633 possessionariarum

748 4660 945 4720 tribus
994 4661 1213 4720 diebus
1260 4663 1567 4722 continuis
1600 4671 1663 4722 et
1692 4662 2012 4742 legittimis
2059 4661 2232 4720 iuxta
2277 4660 2456 4740 regni
2505 4661 3018 4720 consvetudinem
3067 4681 3306 4721 moram

746 4767 1117 4826 iacientibus
1164 4771 1575 4846 personalem.
1624 4771 1693 4829 In
1741 4787 2008 4848 quorum
2055 4768 2332 4827 omnium
2379 4767 2824 4846 premissorum
2889 4768 3308 4827 testimonium

749 4883 936 4952 atque
984 4876 1349 4936 memoriam
1398 4879 1875 4956 firmitatemque
1936 4885 2324 4955 perpetuam,
2389 4894 2532 4954 pres
2547 4876 2783 4935 zutibus
2845 4875 3046 4955 sigilla
3095 4884 3310 4936 nostra

752 4981 931 5042 solita
979 4983 1269 5042 duximus
1321 4986 1751 5062 appendenda,
1820 4985 2050 5044 Datum
2109 4983 2442 5063 Zagrabie,
2503 4981 2659 5041 feria
2709 4983 2986 5042 secunda
3033 4983 3314 5060 proxima
