3917 5592
2981 459 3104 521 431

560 672 951 752 presencium
1003 673 1429 753 significantes
1476 672 1701 751 quibus
1749 668 2001 752 expedit
2046 671 2372 746 univerSiS,
2420 673 2589 752 quod
2635 671 2923 732 Andreas
2957 672 3118 732 filius

557 779 726 841 Petri
773 781 852 841 de
899 780 1106 840 Maior
1151 779 1384 853 Mlaka,
1431 795 1626 840 onera
1688 788 1749 840 et
1813 778 2187 859 gravamina
2250 778 2548 838 Anthonii
2609 778 2717 839 filii
2781 778 2877 838 sui
2938 778 3001 838 in
3049 799 3117 839 se

561 887 766 967 ipsum
813 906 926 966 per
969 886 1182 946 omnia
1229 885 1734 964 assumpmend0‚
1783 885 1865 945 ad
1909 892 2191 945 nostram
2237 884 2649 964 personaliter
2693 885 3004 946 veniendo
3050 885 3113 945 in

561 993 972 1074 presenciam,
1021 993 1174 1054 dixit
1233 1001 1296 1053 et
1357 991 1680 1053 confessus
1746 999 1843 1053 est
1905 993 2161 1053 oraculo
2222 991 2366 1052 vive
2412 992 2589 1052 vocis
2652 1011 2766 1054 sue
2827 992 2891 1052 in
2951 993 3117 1053 hunc

553 1100 833 1174 modum,
881 1107 950 1160 ut
994 1099 1130 1179 ipse
1176 1117 1290 1178 pro
1337 1098 1710 1178 quibusdam
1773 1097 2252 1160 necessitatibus
2299 1097 2429 1160 suis
2476 1099 2680 1179 ipsum
2728 1099 2809 1159 ad
2855 1118 3115 1178 presens

563 1205 931 1288 urgentibus
981 1204 1306 1278 evitandiS,
1369 1205 1686 1284 quandam
1733 1205 2080 1266 sessionem
2145 1225 2325 1266 suam
2392 1205 2783 1266 nobilitatem
2829 1213 2892 1267 et
2936 1206 3114 1267 here-

561 1313 849 1376 ditariam
895 1313 958 1374 in
1007 1311 1174 1374 dicta
1203 1312 1438 1386 Mlaka,
1485 1330 1681 1390 penes
1727 1311 2075 1390 sessionem
2122 1312 2477 1391 empticiam
2524 1314 2703 1374 Pauli
2749 1313 2856 1374 filii
2902 1313 3114 1389 Blasii,

555 1421 666 1482 filii
726 1421 987 1498 Mathye
1050 1420 1130 1481 de
1193 1419 1416 1480 eadem
1477 1419 1696 1479 Mlaka
1743 1438 1782 1480 a
1826 1427 2006 1498 parte
2053 1419 2353 1496 orientali,
2416 1429 2481 1481 et
2544 1421 2705 1482 inter
2769 1421 3115 1482 sessionem

551 1527 802 1588 Nicolai
848 1527 956 1588 filii
1002 1527 1272 1588 condam
1316 1525 1540 1586 nobilis
1587 1525 1837 1586 domine
1883 1525 2187 1586 Kathicze
2234 1535 2475 1604 vocate,
2522 1527 2647 1588 filie
2692 1528 2984 1588 Iohannis
3034 1528 3114 1588 de

553 1635 779 1696 eadem
828 1634 1046 1696 Mlaka
1092 1633 1172 1694 ab
1205 1632 1574 1694 occidentali
1605 1632 1806 1708 sitam,
1850 1633 2129 1693 habitam
2178 1641 2241 1694 et
2286 1634 2688 1710 existentem3
2736 1635 2885 1696 item
2916 1654 3111 1715 quan·

555 1742 702 1802 dam
747 1748 978 1802 terram
1028 1739 1325 1802 arabilem
1390 1758 1522 1800 sew
1584 1747 2002 1819 campestrem
2048 1739 2111 1800 in
2155 1740 2464 1802 territorio
2533 1741 2815 1803 eiusdem
2881 1741 3113 1816 Mlake,

550 1848 872 1930 wlgariter
933 1847 1328 1909 Zelsschicza
1376 1855 1605 1907 vocata
1617 1842 1651 1922 ¹,
1713 1847 1874 1907 inter
1932 1854 2167 1908 terram
2228 1849 2506 1908 annotati
2566 1849 2745 1909 Pauli
2808 1857 2872 1909 et
2928 1867 3111 1909 secus

553 1958 722 2018 viam
769 1976 1165 2017 communem
1213 1956 1291 2016 ab
1354 1954 1653 2029 orientali,
1702 1963 1766 2016 et
1809 1954 1970 2016 inter
2032 1955 2350 2035 quandam
2412 1957 2639 2017 vallem
2700 1975 2834 2016 sew
2895 1957 3113 2018 Mlaka

557 2073 785 2126 vocata
832 2083 872 2124 a
918 2063 1276 2139 meridione,
1325 2070 1388 2123 et
1433 2062 1594 2122 inter
1640 2061 1794 2122 alias
1840 2070 2041 2123 terras
2084 2070 2469 2142 campestres
2516 2083 2593 2123 ex
2638 2071 2903 2143 utraque
2935 2072 3114 2143 parte

559 2171 847 2252 prelibati
893 2169 1072 2231 Pauli
1116 2169 1224 2230 filii
1271 2169 1464 2248 ipsius
1511 2169 1703 2229 Blasii
1748 2169 2045 2244 habitam,
2092 2169 2297 2248 ipsum
2330 2169 2563 2231 scilicet
2608 2169 2930 2232 Andream
2974 2171 3110 2230 iure

556 2277 914 2354 nobilitatis,
959 2277 1350 2353 hereditarie,
1398 2277 1512 2338 rite
1561 2285 1623 2337 et
1667 2275 1944 2357 legitime
1993 2285 2491 2352 concernentem,
2559 2277 2741 2339 simul
2788 2298 2931 2339 cum
2979 2299 3109 2338 orn-

561 2386 747 2448 nibus
793 2387 1078 2448 eiusdem
1123 2384 1422 2446 sessionis
1469 2393 1533 2445 et
1577 2392 1741 2445 terre
1799 2384 2049 2446 arabilis
2096 2385 2348 2460 iuribus,
2410 2385 2645 2461 usibus,
2692 2385 3114 2466 proventibuS,

559 2492 1092 2556 fructuositatibus
1140 2500 1204 2553 et
1248 2491 1645 2571 pertinenciis
1678 2491 2004 2567 universiS,
2052 2512 2165 2572 pro
2213 2501 2355 2554 octo
2401 2484 2654 2555 florenis
2699 2495 2837 2573 puri
2886 2494 3020 2554 auri
3052 2501 3114 2554 et

551 2603 699 2664 boni
744 2602 890 2663 iusti
938 2621 1013 2662 ac
1067 2596 1230 2662 veri²
1275 2601 1588 2681 ponderiS,
1652 2608 1950 2662 annotato
2011 2602 2209 2662 Paulo
2273 2610 2336 2662 et
2396 2603 2525 2664 suis
2587 2601 2939 2677 heredibus,
3000 2621 3113 2681 per

550 2713 823 2773 eundem
869 2710 1207 2785 Andream,
1273 2709 1361 2770 uti
1407 2709 1575 2769 idem
1625 2709 1804 2769 nobis
1868 2709 2077 2770 retulit
2122 2709 2247 2770 iam
2307 2711 2491 2789 plene
2552 2709 2780 2771 habitis
2847 2717 2911 2769 et
2968 2729 3107 2788 per-

551 2819 766 2900 ceptis,
829 2817 1231 2892 vendidisset,
1282 2817 1642 2877 tradidisset
1689 2824 1752 2877 et
1798 2817 2205 2896 assignasset,
2270 2837 2484 2894 ymmo
2548 2837 2624 2878 ex
2687 2836 2999 2877 consensu
3046 2823 3108 2876 et

553 2927 934 2990 admissione
966 2925 1188 2987 nobilis
1222 2925 1472 2986 domine
1517 2925 1662 3000 Ilke,
1711 2924 1922 2985 relicte
1955 2925 2223 2986 condam
2255 2925 2423 2986 Petri
2470 2926 2637 3004 olym
2669 2923 2935 3004 suppani
2968 2944 3106 3004 pre-

550 3034 698 3096 dicti
744 3034 988 3114 Campi,
1038 3042 1100 3094 et
1146 3033 1396 3094 domine
1443 3033 1768 3110 Kathycze
1829 3033 1955 3093 filie
2019 3032 2301 3093 eiusdem
2348 3039 2411 3092 et
2456 3031 2715 3093 aliorum
2762 3031 3107 3093 vicinorum

548 3151 612 3203 et
685 3149 1278 3214 commetaneorum,
1346 3148 1478 3201 tam
1545 3141 2038 3220 propinquorum
2106 3159 2297 3220 quam
2366 3148 2745 3201 remotorum
2813 3139 3107 3214 vendidit,

551 3250 804 3311 tradidit
851 3257 913 3309 et
959 3249 1309 3330 assignavit
1341 3267 1553 3309 coram
1585 3249 1765 3309 nobis
1812 3248 1945 3309 iure
1992 3257 2296 3328 perpetuo
2343 3256 2406 3310 et
2450 3248 2936 3310 irrevocabiliter
2966 3267 3107 3328 pos-

553 3356 871 3431 sidendaS,
919 3356 1186 3417 heredes
1233 3356 1295 3416 in
1341 3355 1646 3416 heredum
1693 3356 2001 3417 tenendas
2032 3355 2266 3434 pariter
2312 3363 2375 3416 et
2417 3356 2774 3431 habendas;
2823 3375 3107 3435 assump-

551 3463 633 3524 sit
677 3462 1112 3523 nichilominus
1158 3463 1437 3542 prefatus
1502 3462 1792 3523 Andreas
1841 3470 1904 3523 et
1950 3461 2045 3523 sui
2092 3463 2377 3537 heredeS,
2440 3461 2504 3522 in
2549 3463 2735 3542 pleno
2782 3470 2845 3523 et
2889 3461 2953 3522 in
2998 3481 3107 3541 pa-

550 3571 728 3632 cifico
777 3571 1050 3631 dominio
1098 3571 1262 3632 dicte
1325 3570 1624 3631 sessionis
1671 3579 1735 3632 et
1778 3578 1944 3631 terre
1992 3570 2243 3631 arabilis
2307 3578 2671 3632 annotatum
2733 3571 2999 3631 Paulum
3045 3577 3109 3631 et

541 3699 693 3739 suos
739 3678 1006 3738 heredes
1054 3686 1270 3738 contra
1333 3677 1589 3758 quosvis
1651 3677 2007 3758 illegitimos
2070 3677 2452 3756 impetitores
2512 3671 2753 3758 adque⁸
2811 3677 3103 3739 malefac-

540 3794 712 3847 tores
757 3786 934 3859 tueri,
981 3793 1315 3866 protegere
1363 3792 1426 3845 et
1472 3785 1808 3845 defendere
1870 3784 2137 3864 propriis
2195 3805 2451 3846 suorum
2499 3785 2864 3866 sumptibuS,
2929 3785 3101 3846 labo-

550 3892 719 3954 ribus
768 3903 828 3952 et
876 3892 1185 3972 expensis,
1231 3893 1300 3953 In
1351 3893 1527 3952 cuius
1575 3911 1687 3971 rey
1748 3893 2117 3953 memoriam
2166 3894 2371 3973 adque
2433 3894 2853 3973 testimonium
2916 3895 3101 3954 firmi-

551 4007 869 4079 tatemque
889 4007 1276 4078 perpetuam,
1309 3999 1704 4077 presentibus
1728 3999 1933 4079 sigilla
1957 4007 2173 4060 nostra
2203 4001 2280 4059 de
2306 4019 2481 4060 more
2508 4001 2662 4060 alias
2688 3995 3105 4062 consvetudo⁴

547 4107 838 4167 duximus
887 4106 1319 4187 appendenda.
1389 4107 1623 4166 Datum
1685 4106 2019 4186 Zagrabie,
2078 4106 2235 4166 feria
2297 4108 2576 4168 secunda
2632 4107 2911 4187 proxima
2961 4115 3103 4167 ante
3204 4135 3206 4138 ⁴

551 4215 780 4274 festum
827 4213 996 4273 beati
1057 4212 1373 4273 Ambrosii
1437 4213 1725 4287 doctoriS,
1795 4231 1959 4273 anno
2009 4213 2243 4274 domini
2298 4214 2624 4275 millesimo
2686 4215 3100 4295 quadringen-

544 4320 767 4381 tesimo
815 4319 1214 4401 sexagesimo
1259 4319 1491 4399 quint0.
2698 4313 2709 4324 '

755 4457 1040 4527 originale
1078 4459 1525 4527 membraneum,
1565 4473 1602 4511 a
1637 4457 1798 4512 zonis
1837 4457 2067 4512 sericeis
2101 4459 2255 4512 rubri
2294 4463 2351 4513 et
2388 4459 2584 4514 viridis
2611 4459 2818 4515 coloris
2856 4461 3103 4530 pendent

551 4547 744 4602 attrita
782 4546 982 4615 sigilla.
1023 4548 1086 4601 ln
1124 4547 1276 4601 arch.
1318 4547 1509 4601 accad.
1551 4546 1748 4601 scient.
1787 4545 2007 4601 Slavor.
2046 4548 2241 4602 merid.
2278 4547 2602 4617 Zagrabiae.
2663 4574 2669 4579 ·

769 4706 784 4736 ¹
822 4707 904 4764 sic
943 4707 1268 4779 (vocatam).
1347 4709 1366 4738 ²
1403 4707 1672 4779 scriptum
1715 4707 1983 4778 ›aquil-i«.
2058 4710 2078 4739 ⁸
2116 4710 2198 4764 sie
2235 4711 2467 4780 (atque).
2542 4711 2564 4740 ⁴
2601 4711 2699 4767 sic.
2796 4711 2801 4716 '
