3917 5592
744 415 873 478 258

736 628 1011 691 Michael
1056 629 1327 690 vicarius
1377 629 1629 690 claustri
1676 631 1861 692 beate
1906 631 2111 692 Marie
2160 629 2419 712 virginis
2479 631 2557 692 de
2587 633 3054 710 promonthorio
3084 640 3299 693 nostro

737 735 1167 817 Zagrabiensi,
1216 736 1279 796 in
1325 755 1441 796 sua
1473 744 1537 797 et
1567 737 2004 797 universorum
2033 737 2296 798 fratrum
2325 737 2770 798 heremitarum
2817 738 3050 798 ordinis
3097 739 3298 798 sancti

738 843 925 902 Pauli
971 843 1154 922 primi
1220 843 1521 903 heremite
1583 844 1858 903 claustro
1919 844 1983 903 in
2043 845 2269 904 eodem
2328 845 2448 904 deo
2494 844 2938 905 famulancium
2998 845 3300 923 personiS,

738 957 1019 1010 nostram
1065 951 1328 1010 veniens
1375 949 1439 1009 in
1484 951 1895 1029 presenciam,
1942 950 2218 1012 exhibuit
2250 959 2313 1010 et
2335 951 2719 1029 presentavit
2762 952 2943 1012 nobis
2990 953 3298 1030 quasdam

736 1058 972 1118 litteras
999 1060 1266 1120 condam
1299 1058 1679 1118 serenissimi
1708 1058 2004 1138 principis
2036 1056 2270 1118 domini
2293 1057 2680 1137 sigismundi
2701 1058 2802 1118 dei
2827 1059 3046 1138 gracia
3069 1059 3296 1119 Roma-

734 1185 957 1226 norum
990 1164 1382 1243 imperatoris
1415 1183 1665 1242 semper
1696 1165 1969 1244 Augusti
2003 1183 2080 1224 ac
2107 1164 2433 1244 Hungarie
2467 1172 2566 1224 etc
2590 1164 2777 1244 regiS,
2811 1165 2914 1243 pie
2946 1165 3293 1226 recordaci-

736 1270 891 1346 oniS,
921 1271 1153 1332 domini
1184 1270 1378 1331 nostri
1410 1270 1727 1344 naturaliS,
1760 1278 2065 1348 patentes,
2098 1271 2332 1330 tenoris
2369 1270 2757 1349 infrascripti,
2789 1278 3010 1349 petens
3042 1291 3157 1331 nos
3190 1272 3295 1331 de·

734 1376 866 1439 bita
912 1397 1054 1439 cum
1101 1377 1423 1453 instancia,
1473 1386 1539 1437 ut
1581 1385 1862 1437 tenorem
1897 1377 2239 1439 earundem
2272 1377 2334 1438 in
2380 1377 2786 1456 transscripto
2815 1377 3160 1438 litterarum
3188 1397 3297 1438 no·

739 1494 979 1547 trarum
1024 1487 1143 1547 sibi
1190 1494 1252 1546 et
1300 1485 1478 1546 dictis
1524 1485 1817 1545 fratribus
1865 1485 1996 1556 suis
2027 1487 2179 1546 dare
2227 1485 2648 1565 dignaremur,
2697 1485 2847 1545 iuris
2894 1485 3172 1564 ipsorum
3219 1487 3300 1545 ad

738 1595 1065 1654 cautelam.
1128 1595 1415 1670 Quarum
1460 1601 1641 1652 tenor
1686 1593 1827 1653 talis
1876 1601 1988 1653 est.
2039 1593 2266 1668 (Vide
2332 1594 2496 1654 doc.
2562 1612 2615 1652 a.
2689 1589 2871 1653 1387.
2939 1591 3040 1653 22.
3107 1592 3299 1652 ἱιιΙὶἰ

738 1721 769 1762 s
788 1700 902 1760 ub.
950 1701 1082 1761 No.
1139 1697 1303 1776 103).
1351 1700 1484 1761 Nos
1532 1699 1722 1780 igitur
1768 1698 1947 1760 iustis
1995 1709 2059 1760 et
2103 1699 2222 1760 iuri
2269 1700 2558 1761 consonis
2605 1701 3014 1779 peticionibus
3079 1701 3301 1780 prefati

737 1807 942 1868 fratris
990 1807 1315 1868 Michaelis
1362 1807 1594 1878 vicarii,
1642 1827 1757 1867 suo
1808 1816 1871 1867 et
1900 1807 2254 1869 nominibus
2289 1827 2552 1887 quorum
2585 1827 2776 1886 supra
2808 1809 2890 1869 ad
2935 1827 3050 1868 nos
3096 1807 3297 1882 factiS,

737 1915 1013 1993 prefatas
1060 1915 1295 2000 litteras
1344 1914 1490 1974 dicti
1537 1914 1805 1974 condam
1852 1914 2086 1974 domini
2135 1914 2329 1974 nostri
2394 1914 2787 1992 imperatoris
2835 1923 2898 1976 et
2943 1915 3114 1995 regis
3161 1934 3298 1993 pre-

738 2021 1017 2082 sentibus
1064 2020 1282 2082 litteris
1327 2021 1557 2081 nostris
1604 2019 1812 2093 inseri,
1863 2028 1925 2081 et
1989 2022 2068 2082 de
2126 2022 2322 2081 verbo
2386 2022 2466 2080 ad
2527 2021 2791 2081 verbum
2851 2021 3192 2081 transsumi
3238 2029 3302 2081 et

744 2129 1107 2190 transscribi
1152 2129 1489 2210 sigilloque
1522 2137 1734 2189 nostro
1767 2129 2063 2207 pendenti
2095 2128 2455 2208 consignari
2487 2127 2793 2202 faciendO,
2841 2127 3078 2188 eisdem
3127 2128 3300 2188 duxi-

745 2257 885 2298 mus
934 2238 1389 2311 concedendaS,
1438 2236 1588 2296 iuris
1634 2237 1912 2314 ipsorum
1962 2236 2044 2298 ad
2101 2237 2426 2295 cautelam.
2490 2235 2721 2295 Datum
2782 2235 2844 2294 in
2908 2235 3068 2296 festo
3134 2234 3304 2294 beati

748 2347 919 2405 Luce
970 2345 1235 2423 apostoli
1282 2353 1345 2404 et
1374 2343 1799 2424 ewangeliste,
1833 2363 1998 2403 anno
2031 2342 2264 2403 domini
2309 2342 2636 2403 millesimo
2684 2343 3301 2422 quadringentesimo

742 2451 1246 2532 quadragesimo·

954 2571 1237 2641 Originale
1275 2573 1719 2641 membraneum,
1759 2588 1795 2626 a
1832 2588 1978 2626 zona
2015 2570 2232 2625 sericea
2258 2572 2426 2626 rubra
2463 2572 2672 2640 pendet
2723 2571 2976 2625 attritum
3029 2570 3292 2639 sigillum.

738 2665 797 2717 In
827 2663 1059 2718 archivo
1098 2678 1314 2732 regnor.
1354 2661 1411 2716 C.
1451 2663 1503 2716 S.
1545 2665 1601 2717 et
1636 2662 1725 2717 D.:
1766 2663 1897 2718 Doc.
1936 2661 2109 2715 medii
2146 2661 2276 2715 aevi
2313 2677 2364 2716 a.
2407 2660 2577 2729 1387.,
2618 2660 2756 2715 olim
2795 2661 2935 2715 Acta
2973 2660 3300 2716 monasterii

743 2751 1099 2838 lie-metensis
1136 2753 1272 2806 fasc.
1310 2752 1348 2806 1.
1386 2751 1489 2806 No.
1530 2751 1614 2806 18.

1927 3033 2141 3104 248.

961 3235 1147 3295 Anno
1204 3232 1389 3295 1441.
1438 3232 1542 3294 20.
1592 3234 1813 3295 martii.
1860 3234 2233 3315 Zagrabiae.

755 3427 1006 3492 Coram
1053 3425 1369 3492 Martino
1416 3425 1827 3512 Rospohhar
1890 3427 2140 3491 comite
2191 3427 2439 3512 Campi
2503 3422 2999 3512 Zagrabiensis
3055 3449 3137 3492 ac
3183 3427 3309 3491 Fa-

694 3547 701 3554 ·
752 3533 959 3598 biano
1008 3533 1157 3616 filio
1205 3533 1572 3598 Michaelis
1617 3533 1699 3597 de
1746 3533 1986 3618 Super.
2051 3535 2498 3618 Lompnicza,
2559 3535 2807 3599 comite
2854 3535 3173 3600 terrestri
3217 3534 3310 3598 ei-

752 3641 995 3705 usdem
1047 3641 1313 3725 Campi,
1376 3641 1696 3726 Kyrinus
1730 3640 1944 3724 filius
1991 3640 2321 3726 Symonis
2369 3640 2524 3726 filii
2588 3639 2922 3726 Gregorii
2967 3642 3049 3707 de
3096 3640 3310 3726 Infer.

753 3748 1203 3833 Lompnicza‚
1249 3751 1571 3834 quartam
1610 3747 1915 3831 filialem
1962 3747 2324 3832 nepotibus
2368 3749 2714 3834 quondam
2765 3747 3049 3814 Nicolai
3095 3747 3301 3814 Now-

1450 3855 1742 3940 kowych,
1796 3856 2044 3940 patrui
2088 3855 2224 3932 sui,
2271 3855 2607 3941 assignat.

968 4054 1099 4114 Nos
1146 4052 1457 4112 Martinus
1506 4054 1879 4131 Rospohhar
1926 4073 2141 4114 comes
2189 4054 2415 4132 Campi
2462 4055 2908 4135 Zagrabiensis
2960 4075 3034 4115 ac
3081 4056 3129 4114 F
3135 4055 3303 4115 abia-

756 4180 872 4220 nus
917 4160 1080 4221 filius
1127 4159 1455 4220 Michaelis
1504 4161 1582 4220 de
1628 4160 1948 4239 Superiori
1983 4161 2380 4239 Lompnicza,
2428 4181 2640 4242 comes
2688 4163 2998 4223 terrestris
3031 4163 3311 4223 eiusdem

756 4267 983 4347 Campi
1047 4267 1345 4328 memorie
1411 4269 1928 4329 commendamus
1975 4288 2087 4347 per
2133 4277 2476 4347 presenteS,
2537 4269 2709 4348 quod
2769 4270 3085 4347 Kyrinnus
3150 4269 3311 4330 filius

756 4375 1049 4452 Symonis
1096 4375 1203 4435 filii
1251 4375 1543 4455 Gregorii
1589 4376 1669 4436 de
1716 4375 1996 4436 Interiori
2025 4377 2421 4455 Lompnicza,
2469 4377 2691 4438 nobilis
2724 4377 2872 4437 dicti
2919 4377 3145 4456 Campi
3193 4379 3310 4437 Za-

759 4482 1130 4564 grabiensiS,
1181 4484 1261 4543 ad
1328 4491 1606 4544 nostram
1667 4485 2080 4562 personaliter
2139 4485 2450 4546 veniendo
2513 4485 2923 4563 presenciam,
2987 4485 3312 4545 confessus

761 4598 857 4650 est
902 4590 1244 4654 ministerio
1290 4591 1435 4650 vive
1493 4592 1666 4651 vocis
1732 4610 1844 4651 sue
1892 4591 1955 4651 in
2002 4593 2168 4652 hunc
2234 4594 2508 4667 modum,
2571 4601 2640 4652 ut
2685 4593 2818 4671 ipse
2868 4593 2947 4652 de
3008 4592 3314 4652 universis

757 4696 1264 4777 possessionibus
1313 4707 1377 4758 et
1421 4699 1819 4777 porcionibus
1886 4700 2397 4778 possessionariis
2445 4700 2668 4760 nobilis
2715 4701 2982 4760 condam
3045 4701 3160 4760 viri
3205 4699 3314 4758 Ni-

760 4805 917 4865 colai
966 4804 1111 4864 dicti
1143 4805 1577 4882 Nowkowych
1626 4808 1705 4867 de
1752 4807 2036 4885 predicta
2083 4809 2462 4886 Lompnicza
2493 4807 2790 4882 Inferiori,
2838 4807 2901 4866 in
2948 4808 3174 4868 eadem
3218 4808 3313 4867 In-

759 4911 967 4971 feriori
1028 4912 1409 4990 Lompnicza
1472 4932 1584 4973 seu
1652 4915 1806 4974 alias
1870 4915 2276 4976 existentibus
2348 4924 2412 4975 et
2469 4915 2716 4989 habitis,
2765 4915 2986 4994 quovis
3047 4914 3314 4976 nominis
