3917 5592
744 468 879 539 294

750 693 961 765 cordia
1008 702 1535 773 perseverantem,
1608 693 1668 752 in
1738 689 2208 774 quinquaginta·
2264 687 2492 754 marcis
2540 687 2936 754 denariorum
2995 696 3140 754 ante
3186 685 3306 754 litis

748 801 1103 880 ingressum
1133 801 1663 880 deponendarmn,
1712 801 1890 860 salva
1921 800 2142 866 iudicis
2173 800 2487 879 porcione,
2531 819 2674 860 mox
2709 801 2994 861 convicta
3027 809 3090 863 et
3122 819 3304 880 agra-

747 916 895 968 vata
942 908 1021 968 sit
1068 916 1131 971 et
1175 909 1483 984 habeatur
1528 908 1664 986 ipso
1710 908 1895 982 fact0,
1943 907 2046 967 cui
2078 908 2331 987 quidem
2372 907 2814 986 composicioni
2847 916 2909 969 et
2948 907 3308 988 obligamini

744 1017 933 1075 modo
981 1016 1287 1094 premisso
1351 1015 1743 1094 specificatiS,
1807 1017 2030 1076 eedem
2095 1015 2278 1075 ambe
2341 1023 2552 1093 partes
2618 1015 2894 1094 ipsarum
2952 1015 3310 1078 benivolum

744 1142 1119 1184 consensum
1169 1143 1381 1184 coram
1429 1123 1580 1202 ipsis
1628 1123 2150 1202 compositoribus
2199 1131 2261 1182 et
2286 1122 2787 1202 pacificatoribus
2835 1141 3052 1183 earum
3083 1123 3308 1201 prebu-

719 1238 925 1306 erunt
992 1231 1225 1309 pariter
1271 1238 1335 1291 et
1381 1249 1727 1304 assensum,
1802 1236 1986 1309 prout
2031 1230 2218 1289 iidem
2278 1229 2728 1308 compositores
2775 1237 2838 1290 et
2881 1229 3163 1290 unitores
3204 1248 3308 1290 ea·

745 1339 1006 1400 rundem
1052 1339 1349 1416 parcium,
1384 1357 1526 1397 cum
1575 1337 1811 1398 eisdem
1843 1338 2126 1416 partibus
2161 1338 2241 1397 ad
2277 1357 2390 1397 nos
2425 1338 2759 1398 redeuntes
2791 1337 2853 1397 id
2885 1337 3092 1415 ipsum
3129 1335 3314 1396 nobis

745 1465 901 1506 voce
950 1464 1229 1506 consona
1276 1454 1338 1504 et
1384 1445 1676 1506 concordi
1726 1446 2084 1517 retulerunt,
2135 1454 2197 1504 et
2243 1444 2392 1522 quia
2437 1445 2571 1522 ipse
2607 1445 2789 1504 ambe
2819 1452 3032 1522 partes
3078 1443 3308 1504 ibidem

692 1595 701 1602 ·
744 1553 1022 1613 similiter
1084 1571 1296 1613 coram
1361 1552 1542 1613 nobis
1610 1552 2022 1630 personaliter
2084 1559 2379 1626 astanteS,
2426 1551 2630 1630 ipsam
2677 1551 3202 1629 composicionem
3249 1557 3312 1611 et

744 1659 1203 1739 obligacionem
1250 1660 1438 1719 modo
1485 1660 1791 1748 premisso
1858 1658 2287 1736 specificatam
2349 1666 2411 1717 et
2473 1665 2902 1736 expressatam
2955 1659 3202 1737 penitus
3249 1666 3312 1718 et

744 1786 857 1844 per
904 1766 1115 1826 omnia
1162 1765 1553 1830 affirmarunt
1575 1785 1789 1826 coram
1822 1764 2021 1840 nobiS‚
2047 1765 2314 1844 ideoque
2346 1784 2462 1824 nos
2487 1766 2754 1826 eandem
2787 1764 3309 1844 composicionem

746 1884 808 1934 et
854 1873 1311 1953 obligacionem
1383 1873 1659 1952 ipsarum
1721 1872 2004 1951 parcium
2052 1890 2126 1932 ex
2192 1870 2614 1932 affirmacione
2664 1891 2880 1932 earum
2928 1871 3202 1932 unanimi
3249 1878 3313 1931 et

751 1981 1047 2041 concordi
1091 2000 1205 2060 per
1230 2000 1340 2040 eas
1386 1989 1599 2058 partes
1646 1987 1867 2058 sponte
1902 1999 2118 2040 coram
2149 1979 2328 2039 nobis
2361 1979 2546 2053 facta,
2588 1979 2836 2058 penitus
2869 1987 2931 2040 et
2959 1998 3071 2057 per
3101 1978 3312 2039 omnia

746 2091 878 2151 iure
925 2065 1229 2168 perpetuo
1277 2098 1340 2149 et
1385 2087 1914 2148 irretractabiliter
1961 2107 2036 2147 ac
2084 2086 2572 2147 irrevocabiliter
2633 2087 3026 2165 presentibus
3089 2085 3307 2148 litteris

744 2198 973 2258 nostris
1035 2196 1527 2277 privilegialibus
1590 2195 1974 2256 ratificamus
2021 2203 2083 2254 et
2129 2195 2572 2256 confirmamus
2635 2195 2767 2256 iure
2829 2203 3131 2274 perpetuo
3176 2194 3310 2254 tore

746 2291 1097 2365 valituramss
1144 2305 1215 2363 In
1262 2322 1526 2382 quorum
1574 2301 1850 2362 omnium
1898 2301 2346 2380 premissorum
2415 2301 2836 2362 testimonium
2885 2294 3122 2380 adque⁸
3181 2319 3310 2360 me·-

748 2411 1009 2472 moriam
1078 2409 1560 2488 firmitatemque
1622 2418 2010 2488 perpetuam,
2080 2417 2405 2487 presentes
2451 2409 2690 2470 litteras
2757 2416 3004 2468 nostras
3065 2407 3309 2486 privile-

746 2518 946 2600 giales
994 2517 1057 2578 in
1081 2517 1336 2596 paribus
1384 2536 1617 2591 earum,
1665 2516 2011 2596 sigillorum
2055 2524 2410 2578 nostrorum
2459 2516 2778 2577 solitorum
2826 2514 3311 2594 appensionibus

747 2625 1027 2685 roborari
1088 2603 1151 2684 et
1212 2624 1436 2684 muniri
1496 2623 1801 2698 faciendO,
1850 2623 2156 2684 ambabus
2203 2623 2484 2702 partibus
2530 2622 2872 2701 prenotatis
2935 2641 3012 2682 ex
3057 2621 3311 2682 instanti

748 2751 965 2792 earum
1028 2731 1336 2810 peticione
1402 2731 1693 2792 duximus
1766 2731 2264 2802 concendendaS.
2326 2729 2558 2790 Datum
2617 2729 2946 2809 Zagrabie‚
2994 2728 3148 2789 feria
3212 2748 3310 2790 se·

747 2841 953 2901 cunda
1013 2841 1299 2924 proxima
1343 2849 1489 2900 ante
1548 2840 1778 2900 festum
1846 2839 2017 2900 beati
2084 2837 2408 2908 Benedicti
2479 2837 2724 2899 abbatis
2789 2845 2854 2897 et
2918 2836 3312 2918 confessoris⁶

748 2967 913 3008 anno
964 2947 1214 3008 domino
1270 2947 1596 3008 millesimo
1650 2947 2270 3027 quadringentesimo
2316 2945 2802 3026 quadragesimo
2855 2953 3096 3006 octavo,

880 3127 887 3136 Ι
962 3050 1247 3120 Originale
1283 3053 1729 3124 membraneum,
1787 3051 2112 3121 appendent
2149 3050 2295 3105 duae
2334 3066 2512 3105 zonae
2561 3048 2828 3118 sericeas,
2879 3048 3064 3118 prima
3113 3047 3310 3102 viridis

749 3143 962 3210 absque
988 3139 1191 3211 sigillo,
1230 3144 1286 3195 et
1311 3142 1490 3196 altera
1526 3140 1708 3210 glauci
1736 3140 1943 3196 coloris
1970 3140 2316 3195 adhaerente
2344 3141 2656 3208 fragmento
2682 3137 2864 3206 sigilli.
2903 3137 2963 3191 In
2993 3136 3135 3191 cista
3161 3153 3312 3190 com-

746 3229 1040 3284 munitatis
1078 3230 1355 3285 nobilium
1396 3230 1465 3284 de
1505 3230 1667 3285 Infer.
1706 3229 1993 3285 Lomniea.
2553 3225 2560 3232 ’

970 3408 985 3440 ¹
1022 3409 1119 3462 sic.
1164 3408 1183 3438 ²
1220 3407 1302 3462 sic
1322 3405 1636 3478 (productis
1674 3411 1731 3462 et
1754 3408 2113 3478 presentatis)
2156 3409 2176 3438 ⁸
2209 3407 2290 3462 sic
2312 3405 2716 3478 (incepissent).
2757 3406 2778 3435 ⁴
2807 3405 2889 3484 sie
2925 3403 3305 3475 (propinquis)

749 3497 773 3527 ¹⁸
808 3497 905 3552 sic.
948 3499 968 3526 ⁸
993 3497 1075 3552 sic
1112 3495 1339 3567 (atque).

1916 3747 2132 3818 264.

1598 3843 1613 3872 1

964 3948 1149 4010 Anno
1206 3945 1390 4010 1448.
1441 3948 1542 4010 21.
1592 3949 1880 4010 octobris
1930 3950 2302 4030 Zagrabiae.

760 4144 1111 4229 Georgius
1154 4142 1659 4228 Haffl‘lsperger
1688 4163 1910 4208 comes
1944 4142 2195 4228 Campi
2224 4141 2719 4219 Zaerabiensis
2765 4144 2830 4205 et
2873 4141 3051 4205 alter
3103 4138 3310 4206 Geor-

744 4252 911 4336 gius
958 4249 1169 4335 filius
1216 4249 1463 4328 Egz‘dii
1522 4249 1605 4313 de
1668 4249 2126 4328 Kurilowecz‚
2191 4269 2414 4314 comes
2462 4253 2623 4315 terr.
2667 4249 2974 4314 eiusdem
3045 4249 3312 4334 Campi,

751 4359 1329 4422 ammonitionem
1362 4357 1445 4421 de
1471 4357 1828 4422 vendenda
1862 4361 2053 4422 terra
2085 4355 2351 4422 Mathai
2384 4356 2540 4441 filii
2601 4357 2954 4422 Valentini
2983 4357 3066 4420 de
3099 4355 3310 4442 Inser.

1212 4463 1597 4542 Lonnicha,
1646 4465 1725 4528 in
1772 4465 2007 4529 eadem
2071 4464 2427 4540 existentis
2459 4461 2844 4547 notificant.

969 4665 1101 4724 Nos
1150 4665 1465 4744 Georgius
1512 4663 1970 4745 Hagilsperger
2019 4682 2230 4723 comes
2271 4661 2502 4741 Campi
2550 4661 2996 4742 Zagrabiensis
3042 4672 3104 4723 et
3151 4664 3302 4723 alter

754 4773 1069 4852 Georgius
1118 4773 1280 4832 filius
1328 4772 1535 4853 Egidii
1585 4773 1663 4831 de
1710 4771 2084 4832 Kurilouecz
2135 4789 2350 4830 comes
2386 4770 2704 4834 terrestris
2753 4769 3032 4830 eiusdem
3083 4769 3310 4848 Campi

750 4882 1046 4940 memorie
1118 4881 1633 4940 commendamus
1680 4898 1794 4957 per
1838 4887 2182 4957 presenteS,
2255 4879 2420 4956 quod
2475 4895 2653 4951 cum·
2678 4896 2794 4948 nos
2842 4879 2923 4938 ad
2969 4877 3304 4937 instantem

748 4987 1119 5065 peticionem
1183 4983 1400 5058 nobili¹
1464 4987 1592 5060 viri,
1675 4985 1964 5046 videlicet
2024 4985 2282 5062 Mathey
2347 4985 2450 5048 filii
2513 4984 2838 5076 Valentini·
2889 4985 2968 5058 de
3032 4984 3306 5045 Inferiori
