3917 5592
1562 540 1650 549 -—
1699 506 1995 565 XXXVII
2040 542 2127 551 —

720 823 878 857 censu
937 808 1224 858 dicatorum
1277 820 1680 876 exactorumque
1741 810 2156 861 mardurinarum
2208 820 2599 877 supportantur,
2650 829 2695 862 a.
2755 820 2912 875 1422:

725 915 770 949 2.
812 898 930 949 maii
970 908 1246 961 emanatas,
1285 900 1576 951 transumit.
1664 936 2896 955 ..................

563 1004 681 1055 317.
723 989 874 1038 Α11110
921 988 1070 1055 1457.
1113 1003 1194 1038 20.
1235 988 1380 1039 iunii.
1420 987 1712 1055 Zagrabiae.
1742 990 1930 1041 Coram
1958 990 2185 1040 Iohanne
2214 990 2435 1057 lagnych
2476 991 2539 1040 de
2577 992 2761 1057 Super.
2802 993 2903 1041 Lo-

721 1078 940 1137 kawecz,
980 1078 1218 1128 Thomas
1242 1077 1380 1128 filius
1419 1080 1704 1129 Clementis
1742 1080 1805 1131 de
1843 1080 2025 1141 Mlaka,
2063 1081 2324 1146 quandam
2350 1080 2639 1131 sessionem
2666 1096 2815 1131 suam
2854 1081 2905 1131 in

719 1169 899 1219 eadem
939 1168 1104 1218 Mlaka
1141 1167 1384 1227 habitam,
1422 1183 1530 1219 uno
1567 1169 1767 1219 floreno
1808 1170 2089 1220 Benedicto
2128 1169 2392 1236 Krupych‚
2432 1170 2623 1234 vendit.
2666 1207 2681 1224 .
2740 1208 2751 1223 .
2810 1207 2823 1224 .

561 1277 680 1344 318.
721 1281 880 1327 Anno
921 1292 1068 1344 ¹457·
1117 1292 1193 1341 ¹4·
1233 1278 1359 1327 iulii.
1388 1278 1637 1329 Viennae.
1678 1280 1945 1329 Ladislaus
1974 1279 2267 1345 Hungariae
2306 1291 2401 1329 etc.
2430 1294 2536 1339 rex,
2574 1279 2905 1329 collationem

720 1367 877 1419 Vlrici
917 1367 1124 1417 comitis
1161 1367 1338 1428 ciliae,
1378 1369 1552 1418 Marco
1579 1368 1798 1419 Greiber
1822 1384 1981 1435 super
2019 1370 2181 1419 domo
2207 1368 2484 1435 Zagrabiae
2512 1380 2561 1419 et
2596 1384 2687 1419 sex
2714 1370 2904 1419 sessio-

717 1457 869 1507 nibus
907 1456 958 1507 in
997 1456 1176 1507 Chehe
1214 1456 1401 1507 habitis
1440 1458 1643 1517 factam,
1682 1457 1896 1509 ratificat
1899 1492 2891 1515 ...............

560 1582 678 1634 319.
719 1567 868 1615 Anno
915 1580 1062 1631 1457·
1119 1579 1200 1615 21.
1259 1567 1576 1618 novembris.
1634 1566 1929 1633 Zagrabiae.
1988 1568 2270 1634 Bogawecz
2327 1569 2676 1634 Mylakowycz
2727 1584 2905 1619 comes

718 1654 899 1721 Campi
952 1654 1310 1720 Zagrabiensis
1347 1671 1404 1705 ac
1445 1656 1698 1706 Iohannes
1750 1656 1972 1722 lagnych
2033 1657 2095 1705 de
2153 1658 2319 1722 Super
2374 1658 2676 1717 Lukawecz,
2726 1671 2904 1707 comes

716 1756 840 1795 terr.
878 1744 1111 1795 eiusdem
1150 1738 1350 1811 Campi,
1389 1746 1723 1796 statutionem
1763 1745 1999 1811 Dyonisii
2041 1745 2129 1795 filii
2169 1746 2380 1812 Georgii
2422 1747 2608 1812 Myxyk
2646 1748 2710 1797 de
2750 1746 2900 1797 infer.

715 1835 1001 1885 Lukawecz
1041 1835 1092 1884 in
1132 1835 1494 1900 possessiones
1533 1836 1644 1901 Bog
1684 1846 1733 1886 et
1773 1836 2233 1901 Rakythowycam,
2273 1835 2537 1887 notificant
2543 1871 2888 1891 ......

559 1958 677 2009 320.
720 1943 871 1992 Α11110
918 1941 1067 2007 1458.
1117 1958 1192 1991 11.
1234 1941 1428 2008 apriliS.
1485 1942 1775 2009 Zagrabiae.
1817 1942 1902 1993 Ian
1941 1939 2223 1993 Bithouecz
2262 1942 2427 1993 banus
2464 1943 2782 2005 Sclavoniae‚
2822 1958 2901 1994 ca-

717 2032 880 2097 pitulo
918 2030 1164 2082 ecclesiae
1203 2031 1578 2097 Zagrabiensis,
1635 2042 1691 2081 ut
1740 2031 2000 2097 Mathyam
2052 2032 2405 2098 praepositum
2458 2032 2521 2082 de
2572 2033 2804 2098 Byeniko
2853 2044 2903 2083 et

718 2121 1000 2172 Iohannem
1041 2122 1104 2170 de
1142 2121 1336 2186 Gepee,
1377 2121 1428 2170 in
1482 2120 1840 2187 possesionem
1895 2121 2187 2171 medietatis
2234 2120 2749 2195 Odrazenthgyergh‚
2800 2123 2903 2171 Lu-

699 2209 1015 2276 chynychae‚
1055 2210 1356 2260 Mrassouch
1386 2220 1435 2259 et
1460 2211 1631 2261 totalis
1659 2210 2007 2287 possessionis
2045 2211 2280 2262 Babchae
2306 2210 2611 2272 introducat,
2638 2211 2900 2277 praecipit.

558 2336 677 2387 321.
718 2323 869 2369 Anno
916 2333 1062 2385 1457.
1109 2333 1188 2385 17.
1228 2318 1355 2368 iulii.
1395 2304 1686 2385 Zagrabiae.
1727 2319 1898 2369 Litera
1935 2333 2093 2385 super
2131 2318 2281 2393 bonis
2334 2318 2573 2371 Kurilocz
2631 2330 2680 2371 et
2732 2321 2899 2369 Luka-

713 2423 834 2459 vecz
872 2423 1048 2457 coram
1075 2407 1343 2474 Bogauecz
1371 2408 1652 2470 Mlakoucz,
1679 2410 1958 2459 castellano
1987 2409 2137 2459 castri
2166 2410 2381 2459 Medved
2411 2419 2459 2460 et
2497 2409 2689 2459 comite
2714 2410 2896 2474 Campi

718 2496 1092 2563 Zagrabiensis,
1131 2512 1188 2548 ac
1229 2497 1417 2547 Ioanne
1455 2496 1566 2548 filio
1603 2498 1870 2549 Benedicti
1908 2497 2134 2567 laginich
2186 2499 2249 2548 de
2299 2498 2564 2565 Superiori
2617 2498 2899 2559 Lukavecz,

712 2586 902 2643 comite
939 2586 1184 2645 terrestri,
1225 2585 1456 2637 confecta
1459 2623 2889 2643 .....................

557 2711 676 2762 322.
717 2696 868 2745 Α11110
914 2693 1064 2761 1458.
1108 2707 1190 2761 25.
1217 2694 1544 2760 septembris.
1573 2692 1865 2761 Zagrabiae.
1894 2696 2163 2762 Bogauecz
2190 2674 2487 2762 Mylakoycz
2514 2710 2691 2746 comes
2718 2696 2899 2762 Campi

717 2783 1073 2850 Zagrabiensis
1099 2798 1156 2833 ac
1183 2784 1437 2835 Iohannes
1465 2784 1678 2851 lagnycz
1705 2782 1772 2834 de
1807 2784 1932 2850 Sup.
1974 2784 2277 2846 1.ukawecz,'
2301 2800 2478 2835 comes
2507 2796 2623 2835 terr.
2666 2785 2898 2835 eiusdem

717 2872 916 2941 Campi,
955 2873 1287 2923 statutionem
1339 2872 1592 2923 nobilium
1649 2874 1980 2924 dominarum
2038 2874 2263 2940 Agathae
2312 2889 2367 2924 er
2416 2876 2637 2925 Vrsulae
2684 2874 2897 2926 filiatam

721 2964 968 3030 Stephani
1009 2963 1098 3041 filii
1139 2964 1293 3014 Marci
1347 2966 1526 3031 Kopoz
1566 2966 1629 3015 de
1668 2966 1856 3028 Lusan,
1895 2966 1948 3016 in
1987 2976 2222 3032 quartam
2264 2946 2543 3016 earundem
2598 2966 2895 3031 puellarem,

675 3050 682 3057 ’
717 3052 996 3106 notificant.
1088 3090 2887 3110 ..........................

553 3179 671 3230 323.
712 3165 862 3213 Anno
909 3160 1058 3228 1458.
1103 3176 1184 3212 22.
1221 3162 1464 3212 octobris.
1493 3162 1784 3229 Zagrabiae.
1815 3164 2098 3229 Bogawecz
2124 3163 2480 3230 Mylakowych
2508 3178 2686 3214 comes
2712 3130 2895 3229 Campi

2926 716 3119 774 Pagina

3018 1170 3120 1237 376

3015 1475 3114 1525 377

3011 1853 3113 1904 372)

3012 2590 3111 2654 382

709 3250 1066 3319 Zagrabiensis
1103 3267 1161 3303 ac
1201 3252 1455 3303 lohannes
1482 3253 1701 3319 lagnych
1741 3254 1806 3303 de
1846 3254 2030 3319 Super.
2059 3254 2358 3315 Lokawecz,
2398 3268 2576 3303 comes
2601 3264 2721 3304 terr.
2762 3252 2899 3303 eius·
2989 3255 2993 3260 “

711 3343 828 3392 dem
867 3340 1051 3407 Campi
1089 3341 1426 3392 statutionem
1481 3343 1648 3393 Lucae
1703 3342 2100 3409 Ressetharych,
2151 3343 2388 3393 Andreae
2438 3342 2527 3393 filii
2565 3341 2796 3409 „Georgii
2849 3354 2898 3394 et

709 3431 840 3482 Galli
880 3430 970 3481 filii
1011 3431 1148 3498 lwan
1186 3432 1250 3481 de
1287 3432 1651 3497 Gustinnycza,
1690 3432 1742 3483 in
1783 3433 2143 3498 possessiones
2200 3433 2487 3483 eorundem
2526 3433 2578 3483 in
2620 3432 2751 3484 dicta
2790 3434 2897 3483 Gu-

705 3521 969 3587 stinnycza
1005 3520 1296 3582 existentes,
1335 3519 1596 3572 notificant
1599 3556 2871 3578 ...................

550 3644 667 3695 324.
711 3630 862 3679 Anno
920 3628 1070 3694 1458.
1133 3627 1208 3681 18.
1261 3628 1567 3681 decembris,
1617 3630 1906 3696 Zagrabiae.
1956 3631 2210 3681 lohannes
2261 3631 2480 3697 lagnych
2530 3630 2595 3680 de
2630 3631 2753 3696 Sup.
2796 3632 2898 3680 Lu-

709 3719 912 3780 kauecz‚
952 3733 1129 3768 comes
1155 3727 1277 3769 terr.
1305 3718 1487 3785 Campi
1514 3719 1890 3786 Zagrabiensis,
1915 3720 2251 3770 statutionem
2279 3720 2517 3786 Sztoyani
2546 3718 2635 3769 filii
2657 3720 2895 3770 Thomae

707 3808 770 3858 de
809 3806 1146 3869 Gusztinicza,
1184 3808 1236 3858 in
1275 3808 1634 3873 possessiones
1673 3808 1724 3858 in
1766 3809 2074 3859 Rakitouecz
2125 3810 2271 3860 aliter
2318 3810 2727 3876 Stephankouczi
2790 3809 2895 3859 exi-

653 3924 666 3937 ·
709 3905 919 3958 stentes,
947 3896 1173 3948 notificat
1175 3933 2891 3956 .........................

548 4020 668 4073 325.
710 4008 861 4056 Anno
908 4020 1058 4073 1459.
1098 4004 1148 4056 8.
1187 4006 1420 4057 ianuarii.
1460 4006 1753 4073 Zagrabiae.
1795 4008 1986 4057 Coram
2024 4008 2307 4074 Bogawecz
2334 4006 2668 4073 Milakowycz
2706 4008 2896 4058 comite

709 4092 894 4159 Campi
923 4094 1281 4161 Zagrabiensis
1319 4111 1378 4146 ac
1416 4095 1644 4146 Iohanne
1683 4096 1905 4163 lagnych
1944 4097 2008 4146 de
2046 4098 2172 4162 Sup.
2214 4098 2483 4158 Lukawcz,
2535 4097 2726 4148 comite
2773 4108 2893 4151 terr.

707 4187 939 4236 eiusdem
978 4184 1178 4253 Campi,
1219 4185 1476 4247 Nicolaus,
1516 4185 1770 4236 lohannes
1809 4197 1859 4236 et
1897 4187 2088 4236 Paulus
2127 4187 2190 4236 de
2230 4187 2378 4237 Infer.
2420 4188 2729 4251 Lomnycza,
2770 4187 2892 4237 Dio-

709 4276 900 4325 nisium
941 4274 1129 4341 Myxyk
1165 4275 1228 4323 de
1271 4272 1418 4324 infer.
1471 4273 1740 4336 Lukawcz,
1781 4286 1829 4325 et
1867 4275 2103 4326 eiusdem
2152 4275 2304 4345 filios,
2355 4277 2417 4328 ab
2456 4276 2793 4343 occupatione
2844 4288 2893 4327 et

704 4364 1010 4415 alienatione
1047 4379 1172 4415 suae
1209 4364 1557 4430 possessionis
1608 4366 1664 4417 in
1698 4365 2011 4431 Lomnycza,
2050 4366 2198 4433 Boog
2234 4377 2284 4418 et
2321 4368 2476 4429 Luca,
2515 4367 2763 4438 inhibent.
2794 4404 2808 4420 .
2865 4403 2878 4418 .

547 4460 665 4529 326.
705 4465 856 4513 Anno
903 4478 1050 4531 14:³9·
1099 4479 1174 4531 ¹9·
1216 4463 1404 4514 martii.
1444 4463 1735 4531 Zagrabiae.
1776 4465 1967 4516 Coram
2006 4465 2234 4518 Iohanne
2260 4466 2481 4533 Iagnych
2522 4467 2585 4516 de
2622 4467 2747 4531 Sup.
2788 4466 2891 4515 Lu·

705 4552 910 4603 kawecz
948 4553 1138 4603 comite
1176 4564 1294 4606 terr.
1335 4553 1518 4620 Campi
1558 4553 1932 4624 Zagrabiensis,
1988 4556 2307 4623 Margaretha
2346 4556 2449 4607 filia
2485 4555 2733 4622 Stephani
2783 4556 2890 4621 ple-

701 4641 819 4693 bani
860 4643 911 4691 in
949 4642 1106 4704 Odra,
1147 4642 1348 4693 vineam
1388 4643 1440 4693 in
1480 4644 1846 4710 Markusewrg,
1898 4644 2132 4712 quinque
2169 4644 2382 4697 florenis
2419 4645 2675 4696 Clementi
2716 4646 2888 4695 Plawe

703 4732 767 4782 de
804 4732 1004 4799 Chehy,
1044 4732 1221 4782 vendit
1224 4768 2234 4790 ...............
2272 4804 2277 4811 .
2288 4771 2589 4789 .....
2600 4718 2605 4725 ¹
2646 4770 2663 4789 .
2717 4770 2732 4786 .
2789 4772 2803 4785 .
2860 4770 2875 4787 .

545 4856 666 4907 327.
705 4842 856 4890 Anno
903 4855 1050 4908 1459.
1104 4840 1400 4907 Registrum
1441 4842 1505 4893 de
1543 4842 1757 4893 decimis
1806 4843 1912 4893 vini
1953 4854 2003 4894 et
2041 4843 2169 4895 milii
2209 4844 2259 4893 in
2311 4845 2511 4910 Campo
2560 4842 2886 4909 Zagrabiensi

704 4930 931 4996 capitulo
969 4930 1296 4997 Zagrabiensi
1335 4932 1762 4997 provenientibus
1799 4947 1848 4983 et
1885 4934 2070 4983 solutis
2072 4967 2878 4988 ............

542 5036 663 5106 328.
703 5038 854 5089 Anno
899 5036 1048 5102 1460.
1091 5036 1174 5119 18.
1213 5036 1339 5090 iulii.
1380 5040 1670 5108 Zagrabiae.
1711 5040 2008 5109 Capitulum
2036 5040 2281 5094 ecclesiae
2315 5040 2687 5107 ZagrabiensiS,
2716 5040 2888 5093 literas

3011 3523 3110 3590 385

2997 4734 3097 4801 38«)

2989 4946 3025 5001 ,3
3033 4947 3100 4999 90
