3917 5592
809 442 896 507 34

808 664 888 723 de
934 662 1296 736 Lumnicha,
1345 670 1408 730 et
1453 661 1738 740 peruenit
1785 662 1866 726 ad
1914 662 2205 723 arborem
2251 660 2405 721 tulfa
2452 679 2637 721 cruce
2684 660 3015 741 signatam,
3086 660 3202 719 sub
3246 678 3377 737 qua

769 777 909 829 -est
954 777 1123 829 meta
1169 777 1391 844 terrea,
1438 768 1584 829 inde
1631 769 1914 847 procedit
1960 769 2167 829 adhuc
2212 788 2435 829 uersus
2483 768 2805 841 orientem,
2845 776 2914 827 et
2958 786 3072 846 per
3120 767 3373 827 arbores

813 896 998 938 cruce
1071 877 1355 961 signatas
1424 876 1856 971 procedendo3
1911 876 2201 955 peruenit
2269 877 2351 937 ad
2415 895 2606 937 unam
2676 876 2965 939 arborem
3032 875 3121 936 tul
3190 893 3373 933 cruce

811 985 1145 1065 signatam,
1200 972 1336 1044 ‘sub
1385 1003 1510 1063 qua
1548 991 1668 1063 ,est
1714 973 1883 1060 meta
1905 994 2153 1058 terrea,
2220 984 2368 1053 inde
2414 984 2713 1062 procedit,
2742 983 2825 1051 ad
2887 982 3383 1049 arborescruce,

811 1093 1096 1173 signatas
1162 1092 1594 1172 transiensque
1669 1111 1860 1151 unam
1931 1090 2225 1170 paludem
2294 1091 2511 1151 Mlaka
2580 1100 2888 1165 uocatam,
2955 1090 3242 1168 peruenit
3294 1090 3375 1150 ad

811 1201 1102 1261 arborem
1147 1200 1331 1261 hassa
1377 1208 1546 1260 meta
1591 1208 1796 1261 terrea
1869 1199 2325 1273 circumfusam,
2398 1198 2608 1279 ibique
2653 1199 2864 1260 finitur
2932 1198 3217 1259 uicinitas
3264 1217 3371 1258 no-

808 1302 1084 1369 bilium¹¹
1132 1303 1398 1387 campi¹²
1457 1307 1878 1387 predictorum
1927 1308 2007 1367 de
2038 1306 2418 1382 „Lumnicha,
2486 1305 2631 1369 inde
2680 1307 2855 1369 uadit
2898 1326 3011 1386 per
3058 1307 3373 1386 quandam

808 1416 978 1476 viam
1023 1435 1246 1476 versus
1293 1416 1597 1476 orientem
1643 1416 1815 1476 iuxta
1861 1424 2095 1475 terram
2149 1417 2392 1475 Puruos
2441 1425 2502 1476 et
2549 1416 2761 1476 Radus
2807 1415 3073 1475 filiorum
3120 1414 3371 1489 Vrbani‚

811 1542 1002 1603 quam
1049 1544 1119 1584 se
1167 1523 1458 1584 dicebant
1513 1544 1552 1583 a
1599 1526 1794 1584 Paulo
1866 1523 1994 1585 filio
2042 1524 2271 1603 Oporis
2342 1543 2761 1603 comparasse,
2834 1532 2897 1583 et
2940 1506 3227 1602 peruenit
3293 1524 3373 1584 ad

810 1636 1102 1695 arborem
1147 1633 1237 1693 tul
1277 1652 1466 1693 ⁴cruce
1515 1633 1847 1713 signatam,
1895 1632 2012 1692 sub
2060 1651 2187 1713 qua
2234 1640 2330 1691 est
2376 1641 2545 1692 meta
2586 1640 2793 1693 terrea
2840 1640 2905 1692 et
2946 1650 3061 1710 per
3108 1632 3373 1691 eandem

810 1743 980 1803 uiam
1024 1740 1456 1827 procedendO,
1493 1740 1667 1799 uenit
1713 1740 1793 1799 ad
1841 1740 2131 1801 arborem
2176 1739 2267 1799 tul
2312 1759 2497 1801 cruce
2544 1740 2876 1821 signatam,
2940 1739 3055 1821 sub
3103 1758 3229 1818 qua
3268 1746 3371 1819 ‘es-t

813 1859 982 1911 meta
1027 1859 1251 1923 terrea,
1321 1848 1529 1928 ibique
1576 1848 1882 1933 uicinitas‘
1908 1858 2075 1933 terre
2122 1850 2364 1909 Poruos
2413 1856 2475 1908 et
2521 1849 2733 1908 Radus
2785 1847 3206 1926 predictorum
3252 1855 3371 1907 ter·

813 1959 1098 2031 minatur,
1168 1956 1312 2016 inde
1357 1957 1626 2016 flectitur
1674 1958 1754 2016 ad
1801 1957 2141 2031 meridiem,
2214 1965 2277 2017 et
2320 1976 2434 2035 per
2502 1957 2819 2035 quandam
2865 1956 3034 2015 uiam
3091 1955 3373 2034 Clopcha

813 2074 1121 2137 uocatam,
1169 2063 1344 2123 uadit
1390 2082 1610 2123 versus
1660 2063 1983 2123 meridiem
2030 2064 2201 2123 iuxta
2244 2071 2479 2123 terram
2525 2063 2782 2139 Dazlay,
2855 2072 2917 2121 et
2962 2062 3105 2122 inde
3151 2081 3373 2141 parum

809 2173 1306 2254 pertranseundo
1355 2171 1624 2231 declinat
1671 2171 1752 2230 ad
1799 2171 2131 2244 sinistram,
2201 2180 2264 2230 et
2308 2170 2483 2231 uadit
2530 2171 2736 2231 adhuc
2779 2189 3004 2231 ,versus
3052 2168 3371 2229 meridiem

809 2300 922 2361 per
969 2278 1287 2360 quandam
1336 2278 1658 2357 antiquam
1703 2278 1873 2338 uiam
1917 2298 2032 2357 per
2080 2279 2336 2339 arbores
2385 2297 2569 2338 cruce
2618 2278 2918 2357 signataS,
2982 2287 3043 2337 et
3087 2276 3373 2356 peruenit

812 2389 893 2449 ad
941 2406 1170 2466 aquam
1217 2385 1467 2445 nomine
1515 2386 1913 2460 Hrameznik,
1978 2386 2085 2445 vbi
2132 2394 2227 2446 est
2272 2394 2441 2447 meta
2508 2393 2715 2445 terrea
2762 2386 2877 2445 sub
2926 2386 3149 2445 arbore
3202 2384 3369 2457 tulta,

809 2496 952 2557 inde
1000 2513 1113 2573 per
1145 2494 1411 2564 eandem
1460 2513 1689 2572 aquam
1737 2493 1910 2553 uadit
1945 2513 2167 2553 uersus
2214 2494 2539 2553 meridiem
2585 2513 2697 2572 per
2744 2512 3045 2573 magnum
3092 2493 3371 2572 spacium

809 2603 980 2663 iuxta
1027 2610 1259 2673 terram
1291 2600 1438 2660 dicti
1485 2601 1744 2678 Dazlay,
1793 2609 1856 2661 et
1899 2602 2188 2679 peruenit
2220 2602 2301 2661 ad
2335 2601 2522 2662 aliam
2571 2620 2800 2680 aquam
2847 2600 3117 2662 nomine·
3145 2598 3369 2662 Cozta-

809 2711 1029 2784 neuch,
1079 2718 1143 2769 et
1188 2710 1401 2769 exiens
1450 2710 1528 2769 de
1579 2709 1802 2769 eadem
1847 2709 2038 2769 intrat
2083 2709 2313 2769 uallem
2362 2728 2553 2769 unam
2601 2708 2897 2769 Cheridol
2943 2716 3253 2782 uocatam,
3311 2716 3372 2767 et

814 2819 894 2878 de
942 2818 1166 2887 eadem
1214 2817 1496 2877 ascendit
1543 2817 1623 2876 ad
1671 2837 1862 2876 unum
1908 2824 2202 2892 montem,
2252 2826 2315 2877 et
2358 2817 2645 2895 peruenit
2690 2817 2772 2877 ad
2818 2823 3053 2879 metam
3099 2824 3369 2878 terream

808 2926 985 2997 iuxta
1032 2925 1348 3003 quandam
1366 2924 1668 2993 ssuineam
1719 2925 2105 2999 existentem,
2178 2925 2322 2985 inde
2371 2925 2695 2989 descendit
2742 2925 2820 2987 de
2868 2924 3093 2986 eodem
3161 2932 3371 2985 monte

813 3052 927 3111 per
999 3032 1254 3092 arbores
1303 3051 1506 3102 cruce,
1543 3032 1840 3111 ⁴signatas
1888 3033 1970 3092 ad
2016 3033 2244 3092 uallem
2312 3052 2500 3096 unam
2549 3032 2799 3095 nomine
2846 3031 3083 3107 Bukoa,
3148 3040 3219 3093 et
3258 3050 3372 3109 per

814 3141 1082 3211 eandem
1128 3140 1356 3199 uallem
1431 3139 1711 3209 ascendit
1758 3142 1840 3200 ad
1885 3149 2163 3208 montem
2233 3141 2663 3227 Peschanicha
2732 3138 2994 3220 goricha
3062 3148 3368 3213 uocatum,

813 3247 918 3307 ubi
966 3254 1061 3317 est
1107 3254 1276 3307 meta
1321 3254 1541 3320 terrea,
1590 3249 1669 3307 de
1702 3248 1926 3307 eodem
1972 3257 2182 3307 monte
2226 3248 2667 3308 descendendo
2715 3246 3114 3326 peruenitad
3143 3266 3375 3332 aquam

811 3354 1012 3428 Buna,
1082 3373 1196 3432 per
1242 3354 1506 3415 eandem
1553 3357 1934 3416 transeundo
2008 3355 2294 3434 peruenit
2342 3355 2422 3415 ad
2467 3375 2660 3415 unum
2716 3362 2992 3415 meatum
3039 3374 3201 3433 aque
3246 3355 3366 3413 Bu·

815 3461 1000 3533 nicha
1025 3469 1288 3535 uocate,
1359 3471 1421 3521 et
1467 3482 1580 3540 per
1648 3462 1878 3522 dictam
1939 3482 2172 3542 aquam
2239 3463 2524 3523 Bunicha
2571 3462 2855 3526 ascendit
2922 3470 3217 3537 montem,
3238 3461 3368 3527 ,ubi

816 3576 962 3628 sunt
1008 3568 1130 3627 due
1177 3577 1340 3628 mete
1387 3577 1607 3643 terree,
1677 3589 1799 3648 que
1847 3570 2131 3629 diuidunt
2176 3578 2407 3629 terram
2473 3569 2915 3629 cruciferorum
2962 3588 2999 3628 a
3046 3576 3214 3629 terra
3257 3568 3366 3627 fili-

815 3694 995 3734 orum
1041 3674 1288 3754 OporiS,
1360 3685 1422 3735 et
1466 3677 1750 3755 peruenit
1819 3678 1901 3736 ad
1970 3686 2201 3736 terram
2246 3678 2425 3737 Pauli
2492 3676 2603 3737 filii
2649 3676 2809 3737 Vida
2879 3676 3155 3754 predicti,
3224 3675 3366 3736 inde

816 3783 1216 3860 procedendo
1283 3802 1397 3861 per
1435 3784 1760 3862 ,quandam
1825 3784 1994 3843 uiam
2064 3783 2337 3845 Gorizka
2406 3792 2697 3851 uocatam
2744 3784 3024 3844 ascendit
3092 3791 3365 3851 montem

814 3909 1036 3963 uersus
1110 3891 1620 3970 septemtrionem
1691 3911 1804 3969 per
1870 3911 2174 3972 magnum
2244 3893 2543 3971 spacium,
2615 3902 2679 3953 et
2745 3892 3186 3953 descendendo
3255 3909 3366 3970 per

817 3998 1086 4059 eandem
1154 3998 1322 4057 uiam
1391 3999 1660 4059 declinat
1729 4000 1808 4059 ad
1878 4008 2120 4078 partem
2190 4001 2489 4075 dextram,
2560 4010 2623 4060 et
2667 4000 2856 4060 intrat
2902 4001 2982 4060 ad
3050 4000 3365 4078 quandam

813 4123 1078 4184 paruam
1147 4104 1387 4180 siluam,
1455 4106 1562 4165 ubi
1609 4116 1705 4166 est
1773 4116 1942 4167 meta
1988 4115 2209 4182 terrea,
2274 4108 2418 4168 inde
2466 4109 2865 4187 procedendo
2926 4127 3041 4187 per
3111 4108 3365 4167 arbores

813 4231 996 4273 cruce
1044 4212 1344 4292 signatas,
1416 4221 1478 4273 et
1523 4214 1807 4292 peruenit
1853 4215 1936 4274 ad
1982 4234 2212 4294 aquam
2259 4216 2680 4291 Mossonicha,
2748 4235 2862 4295 per
2907 4235 3097 4295 quarn
3158 4234 3363 4281 reuer-

810 4320 958 4379 titur
1005 4320 1087 4381 ad
1133 4329 1365 4379 metam
1429 4321 1710 4399 primitus
1757 4321 2159 4383 nominatam.
2250 4324 2319 4383 In
2366 4324 2541 4383 cuius
2568 4344 2699 4400 ‚rey
2759 4323 3181 4384 testimonium
3224 4341 3360 4402 pre·

811 4434 1023 4485 sentes
1071 4426 1442 4486 contulimus
1491 4427 1674 4507 sigilli
1704 4429 1899 4489 nostri
1945 4429 2284 4489 munimine
2320 4430 2661 4490 roboratas.
2712 4432 2944 4491 Datum
2971 4429 3127 4491 seria
3171 4428 3364 4489 tercia

809 4541 952 4611 post
994 4533 1223 4595 festum
1270 4536 1692 4614 apostolorum
1739 4536 1906 4597 Petri
1954 4545 2017 4599 et
2062 4537 2258 4612 Pauli,
2308 4556 2471 4598 anno
2520 4539 2597 4600 ab
2648 4538 3084 4601 incarnacione
3132 4537 3363 4600 domini

809 4635 1309 4704 M⁰.CC⁰.LXX⁰.
1357 4662 1540 4703 nono,
