3917 5592
2963 427 3095 492 403

1693 641 1909 715 880.

748 811 934 870 Anno
993 807 1176 869 1461.
1227 806 1327 868 20.
1379 807 1605 886 aprilis,
1655 809 2027 890 Zagrabiae.

544 967 797 1032 Coram
873 965 1098 1050 (ἴσως
1107 967 1174 1030 io
1244 964 1638 1052 Ztanchych
1702 966 1783 1031 de
1845 966 2091 1051 Super.
2159 967 2561 1047 Lukawech,
2622 966 2868 1031 comite
2937 968 3099 1032 terr.

541 1075 790 1159 Campi
835 1072 1354 1160 ZagrabiensiS,
1409 1072 1754 1140 Iohannes
1803 1072 2015 1158 filius
2074 1075 2272 1140 Petri
2330 1075 2412 1139 de
2474 1073 2695 1139 Nowa
2760 1072 3099 1160 Chyclum,

537 1203 754 1248 unam
800 1181 1181 1248 sessionem
1243 1185 1311 1246 et
1355 1184 1618 1247 terram
1682 1181 2020 1248 arabilem
2084 1183 2163 1248 in
2216 1183 2650 1268 possessione
2710 1181 3097 1260 Wrbanech,

931 1287 1328 1376 quindecim
1383 1287 1690 1375 florenis
1721 1289 1968 1355 Blasio
2013 1289 2412 1376 Pogledych,
2457 1290 2710 1356 vendit.

751 1474 887 1532 Nos
937 1457 1252 1552 Georgiu’s
1298 1470 1460 1531 filius
1508 1472 1776 1532 condam
1841 1471 2166 1532 Benedicti
2227 1472 2591 1551 Ztanchych
2638 1474 2716 1533 de
2780 1472 3103 1552 Superiori

543 1581 903 1643 Lukawech
951 1599 1163 1640 comes
1211 1579 1520 1639 terrestris
1567 1578 1793 1659 Campi
1856 1579 2304 1661 Zagrabiensis
2350 1581 2650 1641 memorie
2698 1581 3096 1642 commenda-

428 1759 432 1764 ,
543 1709 682 1748 mus
729 1707 843 1767 per
887 1694 1230 1766 presentes,
1278 1687 1447 1767 quod
1493 1687 1801 1747 Iohannes
1847 1686 2012 1746 filius
2042 1687 2213 1747 Petri
2259 1687 2337 1747 de
2384 1688 2589 1748 Nowa
2636 1687 2961 1765 Chychan,
2990 1707 3099 1747 no·

547 1797 684 1856 bilis
731 1794 994 1874 predicti
1058 1793 1288 1872 Campi
1348 1796 1428 1854 de
1489 1794 1869 1882 Wrbanech,
1932 1815 2091 1855 onus
2154 1802 2217 1856 et
2278 1814 2625 1876 gravamen
2687 1796 2931 1856 Thome
2990 1795 3099 1855 filii

543 1902 814 1964 Emerici
859 1901 1066 1962 fratris
1128 1900 1426 1980 patruelis
1489 1901 1585 1961 sui
1632 1903 1712 1962 de
1773 1903 2046 1980 Lazyne,
2094 1901 2158 1962 in
2204 1921 2275 1962 se
2320 1902 2528 1981 ipsum
2590 1902 3095 1980 assumpmend0‚

545 2019 822 2071 nostram
873 2009 1132 2069 veniens
1177 2009 1239 2069 in
1287 2009 1696 2088 presenciam,
1746 2010 2072 2070 confessus
2120 2017 2217 2070 est
2262 2011 2515 2070 oraculo
2578 2009 2719 2070 vive
2766 2009 2939 2070 vocis
2988 2028 3103 2070 sue

540 2119 603 2178 in
663 2119 830 2178 hunc
893 2118 1165 2191 modum,
1213 2117 1526 2196 quomodo
1590 2117 1723 2197 ipse
1786 2137 1898 2196 pro
1962 2117 2338 2197 quibusdam
2414 2116 2889 2178 necessitatibus
2952 2117 3101 2187 suiS,

545 2226 750 2306 ipsum
800 2226 879 2286 ad
925 2245 1186 2304 presens
1232 2224 1598 2304 urgentibus
1647 2224 1973 2300 evitandiS,
2021 2226 2340 2304 quandam
2386 2224 2732 2285 sessionem
2780 2244 2960 2285 suam
3006 2225 3094 2284 io-

543 2334 944 2414 bagionalem
1005 2333 1068 2392 in
1129 2331 1478 2411 prescripta
1537 2332 1936 2410 possessione
1999 2333 2322 2393 Wrbanch
2338 2329 2370 2407 ¹,
2418 2333 2481 2392 in
2544 2323 2839 2393 comitatu
2885 2341 3105 2393 nostro

541 2440 956 2523 Zagrabiensi
1000 2439 1280 2500 habitam
1312 2447 1375 2499 et
1406 2439 1791 2514 existentem,
1839 2458 2036 2519 penes
2070 2439 2416 2501 sessionem
2446 2440 2639 2500 Blasii
2684 2440 2792 2500 filii
2837 2440 3101 2528 Matnye

537 2547 903 2628 Pogledych
949 2548 1028 2607 de
1091 2546 1488 2607 Korilowech
1550 2546 1628 2607 ab
1693 2547 2079 2622 occidentali,
2128 2556 2191 2608 et
2236 2547 2396 2609 inter
2464 2547 2634 2608 viam
2695 2566 3092 2608 communem

538 2656 618 2716 ab
652 2653 967 2729 orientali,
1015 2662 1078 2714 et
1123 2653 1283 2713 inter
1343 2653 1602 2714 fluvium
1666 2673 1827 2734 aque
1876 2655 1955 2715 ab
2006 2655 2278 2730 australi,
2327 2663 2390 2716 et
2436 2674 2625 2716 unam
2671 2664 2905 2716 terram
2952 2674 3089 2715 ara-

534 2763 720 2823 bilem
767 2781 899 2822 sew
948 2769 1366 2840 campestrem
1426 2761 1810 2839 Podwrseye
1861 2755 2134 2836 vocata²,
2198 2781 2395 2841 penes
2456 2769 2689 2822 terram
2735 2760 3102 2841 empticiam'

535 2871 796 2948 Mathey
859 2869 1225 2947 Kawchych
1273 2869 1352 2928 ab
1403 2868 1674 2943 australi,
1739 2877 1802 2929 et
1846 2869 2010 2930 inter
2070 2876 2300 2930 terram
2363 2869 2853 2950 quartalicialem
2916 2869 3100 2928 Wrb-

535 2978 804 3056 kowych
851 2978 931 3038 ab
979 2976 1280 3048 orientali,
1329 2984 1393 3037 et
1438 2976 1598 3036 inter
1641 2983 1874 3037 terram
1935 2975 2161 3037 Briccii
2205 2977 2414 3038 {ratris
2462 2976 2559 3037 sui
2607 2996 2645 3037 a
2694 2975 3099 3050 meridionali,

535 3095 598 3147 et
642 3087 802 3147 inter
847 3093 1080 3146 terram
1140 3084 1365 3164 prefati
1411 3084 1605 3145 Blasii
1662 3084 1740 3144 ab
1789 3083 2159 3145 occidentali
2222 3085 2423 3160 sitam,
2486 3093 2614 3145 tres
2680 3084 3098 3144 dimensiones

537 3195 704 3274 wlgo
752 3193 966 3270 methy
1015 3192 1213 3252 dictas
1261 3191 1324 3252 in
1371 3212 1440 3252 se
1488 3185 1870 3267 continens³,
1919 3193 2123 3271 ipsum
2171 3191 2260 3253 uti
2306 3191 2528 3252 dicitur
2558 3191 2814 3252 iuridice
2847 3210 3096 3252 concer-

536 3308 806 3374 nentem,
855 3299 1037 3360 simul
1085 3319 1227 3359 cum
1274 3298 1562 3360 omnibus
1596 3299 1876 3359 eiusdem
1924 3299 2223 3359 sessionis
2272 3307 2335 3360 et
2379 3308 2542 3360 terre
2592 3299 2841 3359 arabilis
2873 3297 3095 3376 utilitag

537 3407 721 3482 tibus,
770 3407 1002 3482 usibus,
1050 3406 1472 3485 proventibuS,
1519 3407 2055 3467 fructuositatibus
2105 3415 2167 3466 et
2211 3407 2609 3485 pertinenciis
2643 3407 2967 3481 universiS,
3017 3407 3096 3467 ad

531 3515 790 3574 easdem
851 3515 928 3574 de
975 3514 1108 3574 iure
1173 3513 1597 3592 spectantibus
1646 3522 1709 3575 et
1753 3514 2066 3592 pertinere
2129 3514 2517 3589 debentibuS,
2579 3515 2823 3593 prefato
2887 3513 3095 3574 Blasio

539 3621 664 3682 filio
711 3621 972 3698 Mathye
1018 3622 1382 3702 Pogledych
1416 3621 1493 3681 de
1522 3621 1804 3700 predicta
1834 3620 2249 3696 Korilowech,
2280 3616 2713 3701 ipsorumque⁴
2742 3620 3094 3694 heredibuS,

537 3751 650 3809 pro
713 3729 1068 3809 quindecim
1113 3729 1366 3790 florenis
1430 3725 1596 3788 auri⁵
1640 3729 1796 3808 puri,
1844 3736 1912 3788 ut
1958 3729 2126 3804 dixit,
2176 3729 2254 3789 ab
2304 3723 2573 3790 eisdem⁶
2617 3728 2843 3789 habitis
2892 3735 2955 3788 et
3000 3747 3103 3788 re·—

538 3838 734 3916 ceptis
765 3837 1141 3912 vendidisse,
1190 3837 1539 3911 tradidisse,
1588 3844 1650 3897 et
1698 3837 2080 3917 assignasse,
2131 3855 2344 3913 ymmo
2390 3836 2686 3912 vendidit,
2732 3835 2987 3896 tradidit
3034 3843 3096 3896 et

547 3945 895 4026 assignavit
957 3964 1170 4005 coram
1216 3944 1396 4004 nobis
1442 3943 1576 4004 iure
1624 3952 1926 4022 perpetuo
1974 3943 2435 4022 possidendam,
2482 3944 2819 4005 tenendam
2866 3943 3113 4022 pariter'

541 4062 604 4113 et
649 4053 1111 4132 possidendam
1175 4053 1244 4113 In
1291 4052 1467 4112 cuius
1533 4050 1622 4111 rei
1682 4051 2050 4111 memoriam
2108 4059 2296 4131 atque
2358 4050 2778 4112 testimonium
2839 4051 3111 4110 firmita--

541 4170 795 4239 temque
857 4169 1242 4240 perpetuam,
1307 4159 1510 4240 sigillo
1574 4152 1817 4218 nostro⁷
1865 4160 1942 4218 de
1992 4179 2165 4220 more
2229 4159 2382 4219 alias
2446 4168 2743 4220 consveto
2805 4157 3110 4218 duximus·

539 4268 1038 4347 appendendum.
1102 4268 1332 4328 Datum
1394 4265 1724 4347 Zagrabie,
1785 4265 1942 4326 feria
1991 4267 2269 4326 secunda
2329 4267 2613 4345 proxima
2661 4273 2835 4325 ante·
2865 4265 3091 4325 festum

537 4375 707 4435 beati
757 4375 1018 4455 Georgii
1056 4375 1364 4453 martyriS,
1414 4392 1578 4434 anno
1612 4372 1844 4433 domini
1891 4372 2217 4434 millesimo
2250 4372 2866 4454 quadringentesimo
2913 4391 3090 4432 sexa·

529 4483 772 4562 gesimo
827 4482 1044 4561 primo.

746 4603 1032 4673 Originale
1067 4604 1512 4674 membraneum,
1551 4600 1798 4670 sigillum
1838 4618 2085 4657 unacum
2124 4619 2271 4658 zona
2304 4601 2495 4672 periit.-
2528 4603 2589 4656 [τι
2628 4601 2861 4656 archivo
2901 4599 3091 4657 accad.

533 4692 728 4747 scient.
769 4692 987 4748 Slavor.
1026 4692 1227 4748 merid.
1261 4693 1588 4762 Zagrabiae.

755 4872 768 4902 ¹
820 4871 917 4927 sic.
997 4872 1014 4902 ³
1064 4872 1146 4927 sic
1195 4871 1518 4943 (vocatam).
1595 4873 1614 4902 ³
1665 4871 1747 4927 sic
1796 4870 2244 4942 (continentem).
2322 4870 2351 4923 ⁴.
2380 4869 2461 4926 sic
2512 4867 2849 4940 (ipsiusque)
2928 4870 2947 4898 ⁵
3001 4868 3090 4924 bis

527 4961 816 5036 scriptum.
897 4963 917 4990 ⁸
953 4961 1036 5017 nic
1073 4960 1337 5035 (eodem).
1415 4963 1435 4990 ⁷
1475 4962 1557 5016 sic
1595 4959 1864 5034 (sigillum
1901 4964 2197 5024 nostrum).

2880 5059 2911 5096 a
