3917 5592
819 450 949 512 208

816 674 1101 740 stentem,
1149 686 1337 744 quem
1382 675 1639 745 puteum
1686 668 1804 745 ipsi
1851 676 2097 728 actores
2161 668 2662 729 Globokamlaka
2711 671 3244 749 nun[cu]passent,
3295 671 3373 730 ab

815 774 959 834 hinc
1020 774 1473 851 processissent
1535 794 1648 853 per
1708 795 1897 835 unam
1960 776 2130 836 viam
2189 777 2252 836 in
2308 796 2506 855 parvo
2570 777 2786 855 spacio
2846 796 3068 837 versus
3129 786 3374 856 partem

816 881 1197 956 orientalem,
1245 889 1308 941 et
1355 882 1761 961 relinquendo
1809 882 2013 961 ipsam
2061 882 2227 943 viam
2275 884 2500 944 iterum
2547 884 2885 944 reflectitur
2931 903 3151 944 versus
3200 884 3373 963 aqui-

816 989 1039 1062 lonem,
1089 996 1151 1048 et
1196 1007 1309 1067 per
1354 997 1553 1049 terras
1623 990 1891 1050 arabiles
1956 991 2164 1051 eundo
2212 990 2276 1049 in
2319 992 2490 1051 bono
2536 992 2752 1069 spacio
2816 991 3135 1052 venissent
3178 1011 3374 1070 penes

815 1096 1070 1155 domum
1116 1095 1442 1155 Michaelis
1489 1097 1569 1156 de
1616 1098 1982 1174 Lomnycha
2030 1098 2111 1157 ad
2160 1117 2352 1157 unum
2412 1097 2718 1158 fossatum
2775 1108 3058 1176 tempore
3120 1098 3374 1176 pluviali

816 1198 1247 1275 decurrentis²,
1319 1206 1486 1283 quod
1547 1203 1851 1264 fossatum
1914 1206 2032 1283 ipsi
2104 1214 2347 1265 actores
2412 1206 2708 1283 Ewrwyn
2771 1206 3210 1285 appellassent,
3259 1207 3372 1266 sed

817 1311 1002 1372 vicini
1059 1310 1316 1386 Odram,
1382 1321 1445 1372 et
1491 1312 1719 1373 ibidem
1788 1313 2087 1373 Nicolaus
2149 1314 2312 1374 filius
2383 1314 2643 1394 Georgii
2688 1315 2768 1374 de
2815 1314 3098 1392 predicta
3157 1315 3372 1375 Mlaka

814 1419 1225 1499 personaliter
1257 1428 1489 1495 astanS,
1538 1421 1598 1480 in
1646 1420 1935 1480 omnibus
1981 1421 2134 1481 locis
2165 1420 2520 1499 incipiendo
2568 1442 2606 1481 a
2655 1421 2934 1500 predicto
2967 1420 3157 1481 fluvio
3190 1423 3372 1481 Lom-

816 1527 1040 1604 nycha‚
1087 1526 1195 1585 ubi
1242 1526 1358 1605 ipsi
1407 1535 1651 1587 actores
1715 1527 2025 1606 prefatam
2091 1528 2356 1606 primam
2403 1537 2636 1589 metam
2698 1529 3114 1603 inchoassent,
3176 1548 3376 1607 usque

815 1634 1018 1712 ipsum
1064 1634 1367 1694 fossatum
1432 1635 1608 1695 Odra
1654 1654 1769 1694 seu
1814 1636 2040 1710 locum,
2089 1655 2278 1715 quem
2322 1635 2440 1715 ipsi
2505 1637 2826 1713 E[wrwyn
2884 1636 3372 1714 nuncupassent]

882 1787 893 1800 .
943 1788 956 1801 .
1007 1741 1224 1801 asdem
1272 1742 1587 1801 actoribus
1655 1742 2162 1817 contradixisset3
2229 1743 2307 1802 ab
2353 1742 2496 1802 hinc
2545 1763 2713 1818 vere,
2776 1742 3067 1803 videlicet
3112 1744 3191 1803 de
3239 1742 3375 1821 ipso

816 1849 957 1908 loco
1003 1849 1300 1925 Ewrwyn
1346 1868 1460 1927 per
1524 1849 1793 1909 eundem
1854 1849 2162 1909 fossatum
2210 1849 2386 1909 Odra
2435 1870 2656 1911 versus
2703 1858 2948 1929 partem
3010 1850 3375 1910 orientalem

815 1956 1217 2034 procedendo
1262 1956 1583 2017 venissent
1629 1975 1828 2035 usque
1885 1967 2089 2017 metas
2139 1956 2434 2016 nobilium
2498 1957 2577 2017 de
2643 1958 3023 2034 Lomnycha‚
3072 1964 3135 2017 et
3181 1975 3376 2034 penes

819 2065 1078 2123 easdem
1124 2069 1326 2123 metas
1374 2062 1473 2121 No
1522 2108 2102 2123 ..........
2152 2064 2464 2141 e]xeund0
2511 2065 2591 2124 de
2638 2064 2775 2143 ipso
2837 2064 3029 2123 fluvio
3093 2083 3206 2123 seu
3251 2061 3375 2123 fos-

820 2179 958 2232 sato
1006 2171 1189 2233 Odra
1227 2171 1609 2231 transeundo
1656 2189 1877 2230 versus
1937 2170 2262 2231 meridiem
2306 2170 2740 2250 pervenissent
2787 2173 2868 2232 ad
2916 2173 3074 2232 duas
3123 2172 3378 2230 arbores

818 2278 933 2356 piri
981 2296 1175 2355 penes
1222 2277 1391 2337 viam
1438 2277 1717 2352 situatae,
1766 2286 1827 2337 et
1874 2278 1965 2338 sic
2014 2278 2130 2356 ipsi
2186 2286 2431 2338 actores
2477 2277 2822 2357 predictam
2852 2278 3130 2357 ipsorum
3176 2296 3376 2337 ream-

820 2384 1211 2444 bulacionem
1280 2384 1753 2459 terminassent;
1827 2386 2083 2445 tandem
2157 2404 2309 2445 vero
2371 2430 3072 2445 ............
3118 2382 3379 2461 predicti

820 2490 1095 2550 Ladislai
1142 2492 1262 2550 hoc
1326 2492 1513 2551 modo
1579 2492 2096 2566 reambulassent,
2160 2493 2328 2571 quod
2376 2493 2575 2571 primo
2641 2493 3043 2552 inchoassent
3103 2491 3382 2551 similiter
3475 2564 3484 2575 ·

819 2598 883 2658 in
930 2598 1207 2676 predicto
1254 2598 1446 2658 fluvio
1492 2599 1874 2675 Lomnycha‚
1922 2601 2037 2660 sed
2083 2600 2146 2659 in
2194 2601 2315 2659 alio
2377 2601 2513 2660 loco
2562 2599 2664 2660 ubi
2712 2600 3028 2678 quoddam
3073 2598 3380 2658 fossatum

821 2706 1071 2783 m[et]as
1120 2751 1634 2766 .........
1682 2726 1806 2781 um,
1873 2707 2041 2785 quod
2105 2706 2409 2767 fossatum
2458 2706 2590 2785 ipse
2638 2706 2966 2766 Ladislaus
3031 2704 3381 2782 Mochyrad

822 2859 1521 2873 ............
1569 2833 1683 2893 per
1729 2813 1934 2892 ipsum
1980 2814 2238 2874 fluvium
2283 2816 2666 2892 Lomnycha‚
2716 2834 2938 2874 versus
2971 2821 3211 2892 partem
3261 2810 3379 2871 ori-

824 2922 1094 2981 entalem
1141 2920 1203 2979 in
1250 2921 1416 2980 bono
1466 2922 1679 2999 spacio
1743 2922 2064 2982 venissent
2126 2942 2326 3001 usque
2375 2923 2455 2982 ad
2502 2900 2669 2981 viam
2717 2922 3046 3000 publicam,
3109 2940 3232 3000 que
3279 2919 3381 2978 via

824 3028 1163 3107 pertransit
1206 3029 1411 3107 ipsum
1473 3029 1731 3089 fluvium
1796 3030 2178 3106 Lomnycha‚
2225 3030 2455 3089 ibidem
2519 3030 2793 3091 exissent
2853 3030 3056 3107 ipsum
3102 3027 3382 3087 flluvium

826 3146 889 3198 et
935 3137 1389 3215 processissent
1435 3157 1548 3215 per
1595 3136 1793 3215 ipsam
1828 3156 2126 3217 magnam
2177 3138 2342 3197 viam
2377 3156 2596 3197 versus
2647 3137 3016 3216 aquilonem,
3066 3144 3129 3195 et
3173 3134 3382 3194 statim

826 3264 1022 3323 penes
1056 3245 1256 3323 ipsam
1290 3244 1457 3305 viam
1492 3264 1530 3304 a
1556 3253 1734 3323 parte
1768 3244 2154 3320 occidentali,
2199 3265 2396 3324 penes
2429 3246 2696 3305 eundem
2727 3245 2984 3304 fluvium
3020 3243 3383 3319 Lomnycha

828 3352 1147 3411 venissent
1193 3353 1274 3412 ad
1321 3353 1628 3431 quasdam
1690 3352 2084 3412 tumositates
2147 3360 2328 3427 terre,
2389 3372 2547 3431 quas
2606 3352 2738 3431 ipse
2805 3352 3132 3412 Ladislaus
3179 3358 3381 3410 metas

824 3468 1065 3519 terreas
1114 3460 1503 3532 asseruisset,
1567 3478 1725 3538 quas
1788 3452 1901 3537 pr'o
1965 3460 2147 3520 metis
2210 3460 2564 3521 discernere
2635 3460 3079 3539 nequivissent,
3142 3466 3205 3518 et
3269 3475 3382 3536 per

828 3566 1030 3645 ipsam
1079 3586 1377 3647 magnam
1424 3566 1592 3626 viam
1640 3566 1800 3626 inter
1845 3567 2071 3626 dumos
2119 3566 2437 3645 spinarum
2472 3568 2870 3645 procedendo
2917 3566 2980 3625 in
3026 3565 3192 3624 bono
3239 3582 3379 3641 spa-

827 3675 923 3735 cio
972 3694 1193 3735 versus
1256 3675 1627 3754 aquilonem,
1673 3674 2110 3753 pervenissent
2171 3674 2251 3733 ad
2313 3674 2621 3753 quosdam
2668 3675 2891 3733 dumos
2954 3672 3273 3751 spinarum
3319 3668 3381 3729 in

830 3784 1103 3861 quadam
1134 3783 1422 3843 vallicula
1450 3783 1730 3856 situatOS,
1756 3802 1913 3861 quos
1939 3783 2076 3861 ipse
2101 3782 2430 3842 Ladislaus
2464 3782 2962 3842 Globokamlaka
2995 3778 3382 3855 asseruisset,

828 3890 1053 3951 deinde
1101 3890 1505 3969 relinquendo
1551 3890 1754 3969 ipsam
1800 3896 2101 3970 ma‘gnam
2147 3890 2316 3950 viam
2373 3890 2827 3968 processissent
2873 3906 3093 3948 versus
3139 3893 3380 3965 partem

828 3997 1192 4057 orientalem
1254 3997 1315 4056 in
1380 4016 1577 4075 parvo
1637 3997 1869 4075 spaci0,
1930 4005 1995 4057 et
2040 3997 2419 4057 declinasset
2479 4016 2699 4056 versus
2762 3993 3084 4055 meridiem
3131 4001 3194 4053 et
3237 3992 3380 4051 hinc

828 4106 971 4165 inde
1020 4106 1283 4185 girando
1331 4114 1393 4165 et
1440 4105 1645 4165 eundo
1692 4124 1887 4183 penes
1934 4114 2134 4164 terras
2199 4104 2465 4165 arabiles
2514 4112 2576 4164 et
2620 4123 2816 4182 penes
2879 4121 3109 4181 parvos
3157 4102 3380 4159 dumos

828 4213 1147 4291 spinarum
1196 4231 1415 4271 versus
1464 4212 1838 4290 aquilonem,
1883 4212 1946 4271 in
1993 4213 2158 4271 bono
2206 4212 2420 4290 spacio
2484 4211 2919 4289 pervenissent
2982 4210 3062 4268 ad
3123 4206 3381 4267 fluvium

829 4321 1022 4395 Odra,
1083 4319 1189 4379 ubi
1237 4320 1369 4397 ipse
1432 4320 1761 4379 Ladislaus
1808 4321 2014 4379 locum
2063 4320 2358 4396 Ewrwyn
2421 4319 2654 4379 dictum
2716 4317 3118 4391 nominasset,
3184 4322 3246 4375 et
3293 4312 3384 4373 sic

829 4426 1107 4487 similiter
1152 4426 1428 4505 prefatus
1476 4426 1805 4486 Ladislaus
1876 4446 2053 4485 suam
2102 4426 2523 4486 ostensionem
2570 4425 2877 4503 premisso
2939 4424 3127 4483 modo
3174 4419 3380 4481 termi-

830 4544 1060 4607 nasset,
1119 4535 1180 4593 in
1244 4534 1468 4614 quibus
1516 4534 1768 4613 quidem
1831 4532 2352 4607 reambulacione,
2413 4541 2719 4591 metarum
2782 4532 3156 4605 ostensione,
3222 4528 3380 4588 revi-

832 4643 1005 4702 sione
1054 4642 1392 4720 prescripte
1439 4652 1652 4720 partes
1681 4640 1908 4719 ubique
1956 4640 2018 4699 in
2067 4640 2354 4699 omnibus
2401 4639 2568 4714 locis,
2617 4648 2882 4717 excepta
2927 4638 3128 4717 prima
3175 4638 3381 4714 incep-

830 4749 1010 4809 cione
1058 4750 1329 4827 ipsorum
1380 4758 1676 4822 actorum,
1725 4767 1921 4826 usque
1970 4748 2120 4807 dum
2168 4746 2598 4825 pervenissent
2645 4748 2726 4806 ad
2773 4754 2974 4805 terras
3022 4744 3216 4824 ipsius
3265 4745 3382 4803 La-

833 4856 1029 4929 dislai,
1078 4857 1595 4916 contradixissent
1643 4863 1706 4914 et
1752 4854 2270 4914 contradiccionis
2303 4854 2611 4914 velamine
2645 4854 2761 4913 sibi
2808 4853 2959 4932 ipsis
3006 4852 3385 4925 obviassent,

834 4966 945 5024 sed
994 4974 1204 5024 tamen
1252 4964 1313 5024 in
1362 4964 1634 5025 dominio
1694 4962 1889 5041 ipsius
1958 4961 2374 5041 possessionis
2438 4960 3054 5041 Odrazenthgyurgh
3117 4960 3384 5019 eundem
