3917 5592
3080 415 3167 485 23

603 640 761 720 cipio
807 640 1212 701 nominatam.
1292 640 1377 701 Ut
1422 638 1612 721 igitur
1653 638 1840 721 huius
1888 638 1979 701 rei
2026 640 2221 701 series
2268 638 2759 700 irreuocabiliter
2803 647 3167 719 perseueret

604 750 1005 827 inposterum,
1075 757 1401 826 presentes
1450 749 1530 807 ad
1576 748 1949 808 instanciam
1996 749 2275 826 parcium
2325 748 2695 807 contulimus
2743 747 2926 827 sigilli
2973 748 3167 807 nostri

601 856 940 916 munimine
974 857 1316 917 roborataS.
1365 858 1598 916 Datum
1626 856 1958 937 Zagrabie,
2007 855 2163 917 feria
2195 864 2419 935 quarta
2453 863 2597 915 ante
2628 855 2833 915 carnis
2880 855 3165 933 priuium,

603 983 766 1023 anno
813 964 1046 1059 domini
1093 958 1535 1024 M⁰.CC⁰.LX⁰.
1585 964 1865 1042 septimO.

815 1104 856 1157 E
895 1107 1251 1174 transumpto
1291 1104 1549 1174 originali
1588 1106 1831 1160 Rolandi
1870 1105 2003 1159 bani
2045 1122 2196 1159 anno
2238 1103 2395 1159 1267.
2436 1104 2521 1159 11.
2562 1104 2774 1174 aprilis,
2831 1104 2892 1157 In
2931 1100 3165 1159 archivo

601 1192 756 1261 regni
813 1193 1150 1262 Hungariae,
1208 1193 1612 1263 Budapestini:
1669 1194 1739 1248 M.
1779 1193 1840 1248 Ο.
1883 1195 1942 1248 D.
1985 1195 2039 1247 L.
2097 1193 2307 1263 32836„
2371 1194 2509 1248 olim
2564 1193 2627 1248 N.
2668 1194 2731 1247 R.
2772 1194 2837 1249 A.
2889 1196 3025 1247 laec.
3084 1190 3156 1246 25

531 1283 542 1295 '
602 1282 702 1337 Νο.
740 1283 827 1337 59.
871 1312 936 1322 —-
977 1284 1324 1354 Kukuljevic,
1375 1286 1632 1353 Regesta.
1670 1285 1772 1338 No.
1813 1285 1933 1337 931.

1811 1570 1956 1640 21.

817 1771 1003 1831 Anno
1063 1768 1248 1833 1267.
1305 1771 1398 1831 ll.
1450 1770 1678 1850 aprilis,
1724 1772 2097 1851 Zagrabiae.

605 1964 963 2029 Rolandus
1007 1964 1230 2030 banus
1278 1967 1496 2030 totius
1543 1965 1968 2043 Sclavoniae‚
2009 1964 2423 2049 praecedens
2475 1964 2963 2029 documentum
3012 1985 3167 2028 con-

1747 2072 2019 2157 firmat.

814 2272 1135 2332 Rolandus
1182 2272 1388 2330 banus
1433 2271 1634 2331 tocius
1703 2271 2036 2331 Sclauonie
2084 2271 2373 2331 omnibus
2420 2283 2745 2351 presentes
2792 2274 3029 2333 litteras
3076 2272 3165 2331 in-

607 2380 912 2457 specturis
959 2381 1224 2450 salutem
1271 2380 1334 2438 in
1382 2399 1533 2439 vero
1581 2379 1854 2439 salutari.
1904 2379 2313 2439 Uniuersitati
2358 2388 2487 2439 tam
2535 2381 2929 2458 presencium
2977 2398 3167 2459 quam

604 2487 950 2547 futurorum
997 2485 1392 2564 presentibus
1440 2486 1850 2561 declaramUS,
1922 2488 2091 2565 quod
2143 2488 2517 2546 accedentes
2567 2487 2647 2545 ad
2705 2494 2983 2545 nostram
3029 2506 3167 2564 pre-

605 2594 881 2653 senciam
912 2594 1019 2653 filii
1065 2594 1276 2669 Endri,
1308 2594 1543 2654 scilicet
1569 2594 1881 2669 Luchach,
1915 2596 2103 2673 Wyd,
2136 2596 2430 2654 Matheus
2468 2602 2531 2653 et
2561 2594 2784 2653 Petrus
2816 2593 3169 2671 petiuerunt

606 2721 643 2761 a
689 2701 884 2775 nobiS,
931 2709 1000 2760 ut
1045 2701 1282 2761 litteras
1331 2701 1572 2761 comitis
1619 2702 1764 2789 Inus
1811 2701 2278 2782 ZagrabiensiS,
2328 2720 2485 2779 quas
2533 2700 2932 2759 obtinuerunt
2979 2718 3168 2778 super

603 2816 770 2868 terra
817 2808 1123 2869 Conchan
1194 2819 1413 2869 contra
1459 2807 1830 2888 iobagiones
1901 2808 2089 2868 castri
2135 2807 2583 2889 Zagrabiensis
2654 2808 3166 2867 confirmaremus

605 2918 799 2975 nostri
832 2917 1140 2996 priuilegii
1174 2917 1575 2976 munimento.
1626 2918 1802 2994 Quas
1828 2916 2065 2976 litteras
2095 2918 2241 2975 Inus
2272 2916 2514 2976 comitis
2539 2915 2719 2974 nobis
2753 2913 3167 2975 exhibuerunt

603 3033 883 3083 tenorem
929 3024 1284 3083 huiusmodi
1334 3024 1754 3083 continentes:
1805 3023 2043 3099 (Vide
2091 3024 2618 3102 praecedens
2666 3023 2835 3082 doc.
2886 3042 2939 3081 a.
2981 3020 3165 3082 1267.

604 3128 704 3190 23.
775 3132 1047 3191 febru
1077 3131 1261 3190 arii
1329 3132 1488 3190 sub
1560 3131 1676 3190 No.
1727 3127 1871 3207 20.).
1966 3131 2099 3190 Nos
2145 3130 2356 3209 itaque
2426 3130 2570 3189 licet
2639 3129 2913 3207 predicte
2962 3129 3163 3188 littere

603 3240 745 3297 Inus
793 3240 1035 3298 comitis
1083 3240 1162 3299 de
1211 3238 1575 3298 certitudine
1607 3238 1753 3298 iacti
1786 3238 2075 3299 sufficere
2120 3230 2485 3316 potuissent,
2532 3245 2744 3296 tamen
2776 3255 2889 3313 pro
2936 3236 3157 3295 maiori

613 3348 858 3407 cautela
887 3356 950 3408 et
991 3347 1316 3407 euidencia
1348 3346 1586 3406 iusticie
1614 3346 1890 3425 pleniori,
1937 3347 2251 3425 predictos
2284 3346 2651 3425 iobagiones
2685 3345 2897 3405 castri:
2933 3345 3165 3404 scilicet

600 3454 978 3529 Minizlaum,
1049 3454 1392 3514 Martinum
1445 3462 1824 3529 ventrosum,
1892 3453 2167 3513 Widuch
2228 3454 2419 3513 filium
2473 3454 2771 3527 eiusdem,
2837 3452 3161 3523 Dazlaum,

602 3562 1023 3640 Obulganum,
1073 3562 1296 3635 Borch‚
1344 3562 1706 3637 Zlauynam‚
1755 3562 2094 3637 Bosynum,
2143 3561 2319 3634 Latk,
2368 3538 2581 3620 Radus
2627 3559 2881 3619 fratrem
2914 3559 3166 3619 Leuche

603 3675 664 3727 et
710 3669 982 3728 Endrich
1033 3669 1324 3729 comitem
1387 3677 1746 3728 terrestrem
1794 3677 1856 3727 et
1902 3676 2404 3727 commetaneum
2450 3678 2614 3728 terre
2663 3668 2724 3725 in
2773 3668 3167 3745 questionem

601 3777 868 3836 deducte
903 3795 978 3835 ac
1011 3776 1276 3836 arbitros
1309 3776 1684 3835 antedictos:
1719 3774 1955 3835 scilicet
2003 3776 2293 3834 comitem
2328 3776 2563 3852 Hrynk‚
2597 3776 2944 3834 Porsenum
2973 3775 3166 3834 filium

601 3885 777 3958 Rata,
826 3883 1155 3944 Nicolaum
1201 3884 1396 3943 filium
1465 3884 1680 3961 Dapsa
1729 3893 1792 3943 et
1837 3884 2170 3942 Mortunus
2218 3882 2474 3942 fratrem
2522 3883 2691 3942 Atha
2756 3884 2837 3942 ad
2885 3891 3165 3942 nostram

599 3990 860 4050 fecimus
928 3991 1320 4068 presenciam
1396 3991 1663 4066 euocari,
1713 3991 1817 4069 qui
1867 4009 2081 4049 coram
2148 3990 2328 4049 nobis
2376 3991 2784 4067 personaliter
2854 3988 3168 4050 constituti

600 4098 1020 4176 predictarum
1084 4098 1428 4158 litterarum
1498 4100 1643 4157 Inus
1692 4098 1934 4157 comitis
2008 4098 2234 4157 seriem
2282 4098 2673 4156 concorditer
2728 4098 3165 4174 approbanteS,

600 4206 854 4264 easdem
904 4206 1016 4265 rite
1066 4224 1358 4265 manasse
1406 4215 1549 4264 sunt
1597 4205 1882 4278 confessi,
1932 4223 2008 4263 ex
2057 4224 2321 4281 quorum
2397 4203 2751 4263 assercione
2801 4211 2864 4263 et
2906 4204 3166 4281 permis-

600 4315 772 4374 sione
822 4316 899 4374 de
933 4314 1188 4373 consilio
1237 4333 1626 4374 assessorum
1659 4322 2013 4373 nostrorum
2062 4313 2359 4371 nobilium
2392 4312 2603 4391 regni:
2639 4312 2872 4372 scilicet
2920 4311 3163 4371 comitis

601 4424 648 4481 F
653 4422 877 4482 arcasii
914 4423 992 4481 de
1026 4422 1302 4502 Zagoria
1332 4430 1394 4480 et
1426 4422 1686 4482 aliorum
1712 4440 1902 4500 quam
1933 4419 2219 4499 plurium,
2268 4419 2373 4498 qui
2404 4419 2760 4495 intererant,
2802 4438 3167 4497 processum

602 4531 984 4592 antedictum
1028 4531 1310 4590 habitum
1357 4548 1568 4589 coram
1617 4530 1764 4588 Inus
1811 4529 2038 4589 comite
2101 4536 2422 4606 tamquam
2470 4528 2533 4586 in
2579 4535 2794 4586 nostra
2840 4526 3169 4604 presencia

599 4638 809 4715 fuisse,
858 4639 1148 4698 duximus
1219 4637 1716 4696 confirmandum
1763 4646 1827 4695 et
1871 4636 2309 4696 confirmatum
2358 4635 2790 4694 roborauimus
2837 4653 2951 4713 per
3018 4653 3157 4713 pre-

601 4755 828 4821 senteS‚
875 4746 1229 4825 inponendo
1277 4746 1529 4804 racione
1576 4745 1858 4805 eiusdem
1903 4754 2069 4805 terre
2105 4745 2429 4805 silencium
2460 4752 2833 4821 perpetuum
2880 4744 3164 4822 iobagio-

601 4856 782 4915 nibus
847 4855 1034 4915 castri
1104 4853 1430 4916 antedictis
1479 4863 1541 4913 et
1590 4862 2024 4914 commetaneo
2075 4862 2137 4913 et
2186 4853 2320 4912 aliis
2394 4852 2772 4930 quibuslibet
2840 4871 2915 4910 ac
2985 4850 3167 4910 dictis

599 4964 742 5023 filiis
805 4962 999 5023 Endri
1047 4972 1108 5023 et
1155 4982 1370 5023 eorum
1427 4962 1909 5022 ‘successoribus
1958 4982 2148 5041 super
2218 4968 2563 5020 memorata
2634 4955 2833 5019 terra¹
2903 4977 3159 5018 manere
