3917 5592
3038 418 3129 483 65

575 636 971 713 procedendo
1017 634 1304 713 peruenit
1336 635 1418 694 ad
1449 606 1768 713 quandam
1813 634 1983 693 viam
2014 634 2344 712 publicam,
2394 643 2457 693 et
2499 654 2613 712 per
2660 635 2925 695 eandem
2970 634 3139 694 viam

573 742 748 802 vadit
792 756 1012 811 versus
1059 742 1383 803 meridiem
1432 750 1494 802 et
1538 742 1826 819 peruenit
1873 743 1953 801 ad
2002 742 2291 802 arborem
2326 741 2541 801 thwlfa
2590 751 2879 802 vocatam
2926 762 3137 803 cruce-

572 848 902 929 signatam‚
977 849 1056 909 ab
1125 849 1271 910 inde
1336 869 1558 910 versus
1627 848 2018 910 occidentem
2083 850 2481 927 procedendo
2544 849 2711 909 cadit
2756 850 2818 910 in
2879 850 3139 910 fluuium

575 957 816 1033 Wrany
862 965 1172 1031 vocatum,
1220 966 1284 1017 et
1315 958 1393 1018 de
1428 958 1649 1019 eodem
1698 976 1920 1017 versus
1969 957 2481 1035 septemtrionem
2526 958 2589 1017 in
2636 957 2882 1019 modico
2925 957 3138 1036 spacio

575 1062 780 1123 eundo
838 1063 964 1124 exit
1009 1065 1088 1124 de
1136 1064 1271 1143 ipso
1341 1065 1532 1124 fluuio
1581 1073 1644 1125 et
1675 1064 1976 1143 peruenit
2041 1066 2123 1124 ad
2188 1065 2506 1143 quandam
2567 1066 2855 1125 arborem
2920 1066 3137 1139 cerasi,

578 1171 804 1231 deinde
871 1173 1270 1250 procedendo
1333 1192 1554 1233 versus
1617 1172 2007 1232 occidentem
2078 1172 2363 1251 peruenit
2428 1173 2511 1233 ad
2576 1172 2861 1233 arborem
2925 1172 3141 1233 thwlfa

573 1287 881 1353 vocatam,
945 1279 1172 1341 abinde
1229 1280 1512 1358 procedit
1559 1281 1640 1340 ad
1686 1280 1995 1359 quosdam
2042 1280 2230 1339 colles
2295 1298 2426 1339 sew
2474 1280 2843 1339 monticulos
2894 1288 2956 1340 et
3000 1300 3138 1359 per-

573 1386 743 1446 uenit
807 1388 887 1447 ad
948 1386 1217 1447 riuulum
1262 1388 1628 1465 Wranycha
1684 1394 1997 1461 vocatum,
2067 1387 2292 1448 deinde
2338 1386 2625 1464 peruenit
2688 1388 2770 1447 ad
2830 1387 3139 1466 prefatum

572 1493 831 1553 fluuium
877 1494 1120 1571 Wrany
1167 1502 1476 1569 vocatum,
1549 1495 1626 1554 ab
1675 1494 1820 1555 inde
1880 1514 2103 1555 versus
2151 1502 2396 1573 partem
2458 1494 3029 1572 septemtrionalem
3075 1494 3138 1553 in

571 1600 816 1660 modico
864 1600 1078 1678 spacio
1126 1602 1524 1678 procedendo
1571 1601 1859 1679 peruenit
1891 1601 1973 1661 ad
2000 1610 2233 1661 metam
2279 1600 2451 1678 prius
2499 1601 2884 1661 nominatam
2931 1600 3137 1680 ibique

570 1706 994 1767 terminantur.
1087 1708 1318 1768 Datum
1366 1707 1522 1769 feria
1570 1716 1748 1767 sexta
1793 1708 2079 1785 proxima
2125 1716 2270 1787 post
2314 1706 2544 1767 festum
2588 1706 2756 1767 beati
2803 1707 2929 1767 Viti
2974 1726 3136 1766 mar-

571 1813 720 1887 titis,
771 1833 935 1874 anno
982 1814 1216 1875 domini
1263 1815 1638 1893 supradicto.

783 1952 1067 2022 Originale
1107 1956 1481 2022 chartaceum,
1539 1970 1574 2008 a
1624 1959 1777 2022 tergo
1829 1954 2084 2024 appressi
2124 1954 2289 2023 sigilli
2330 1953 2655 2023 capitularis
2716 1954 3036 2022 vestigium.
3075 1954 3135 2007 In

569 2042 803 2103 archivo
841 2044 972 2097 nob.
1011 2059 1295 2099 commun.
1335 2043 1404 2097 de
1442 2042 1762 2113 Turopolje.
1819 2040 1998 2112 Copia
2035 2042 2275 2112 simplex
2314 2042 2525 2096 saeculi
2564 2042 2703 2097 XVI.
2743 2043 3041 2097 chartacea
3076 2042 3137 2096 in

571 2131 803 2185 archivo
862 2132 1015 2200 regni
1062 2132 1396 2203 Hungariae‚
1455 2130 1859 2205 Budapestini:
1917 2131 1986 2190 M.
2040 2130 2102 2190 Ο.
2154 2132 2215 2189 D.
2264 2131 2321 2187 L.
2379 2130 2591 2203 33589„
2646 2131 2781 2188 olim
2838 2131 2902 2189 N.
2954 2132 3017 2185 R.
3070 2132 3134 2189 A.

569 2220 702 2273 fasc.
743 2219 897 2276 1509.
937 2220 1040 2276 No,
1077 2222 1128 2278 3.
3038 2256 3045 2263 ·

1781 2527 1927 2598 65.

787 2726 972 2785 Anno
1029 2723 1211 2787 1350.
1261 2725 1318 2786 9.
1368 2726 1594 2805 apriliS.
1642 2727 2015 2807 Zagrabiae.

575 2918 826 2981 Coram
861 2918 1082 2981 Paulo
1114 2918 1197 2982 de
1238 2918 1428 3003 Wgul
1475 2921 1678 3004 regni
1720 2919 2129 2985 Sclaveniae
2158 2924 2222 2985 et
2260 2920 2581 2987 Croatiae
2611 2918 2809 2999 banO,
2858 2910 3137 3005 Mykech
3200 2884 3209 2895 ⁶

559 3023 770 3108 filius
815 3023 1128 3089 Kelemes
1175 3025 1448 3111 iobagio
1495 3027 1713 3090 castri
1752 3026 2267 3112 ZagrabiensiS,
2314 3028 2665 3112 quandam
2707 3028 3135 3111 particulam

571 3134 813 3207 terrae,
853 3132 1286 3214 possessioni
1312 3154 1482 3197 suae
1508 3132 1835 3218 Hrychen
1866 3134 2306 3218 applicatam,
2345 3133 2651 3217 capitulo
2682 3132 3136 3219 Zagrabiensi

1702 3241 2008 3305 remittit.
2586 3256 2597 3269 ·

781 3441 914 3500 Nos
949 3441 1182 3501 Paulus
1216 3442 1294 3500 de
1327 3442 1520 3520 Wgal
1551 3460 1664 3518 per
1695 3441 1974 3501 inclitum
2019 3442 2363 3519 principem
2395 3442 2715 3501 dominum
2746 3442 3133 3520 Stephanum

573 3546 672 3606 dei
734 3548 952 3627 gracia
1016 3547 1218 3608 tocius
1281 3548 1630 3623 Sclauonie,
1702 3549 1969 3609 Croacie
2019 3558 2081 3609 et
2139 3549 2461 3610 Dalmacie
2521 3550 2761 3624 ducem,
2832 3549 2895 3609 in
2956 3549 3133 3610 dictis

577 3653 786 3733 regnis
818 3654 1152 3715 Sclauonie
1201 3664 1264 3714 et
1310 3655 1576 3715 Croacie
1623 3655 1826 3715 banus
1859 3656 2230 3716 constitutus
2277 3657 2576 3716 memorie
2623 3658 3134 3717 commendantes

574 3769 790 3821 tenore
851 3762 1248 3841 presencium
1295 3763 1724 3843 significamus
1781 3764 2007 3843 quibus
2072 3764 2322 3842 expedit
2367 3763 2693 3839 vniuersiS‚
2764 3768 2931 3844 quod
2994 3785 3137 3826 cum

571 3868 731 3927 inter
759 3869 1034 3944 Mykech
1065 3869 1260 3930 filium
1291 3871 1601 3945 KelemeS,
1628 3871 2025 3952 iobagionem
2057 3872 2243 3932 castri
2275 3872 2719 3952 Zagrabiensis
2750 3874 2828 3933 de
2861 3873 3127 3951 Campe,

573 3982 848 4037 actorem
897 3976 976 4036 ab
1039 3997 1182 4052 una,
1234 3986 1297 4037 et
1341 3979 1501 4037 inter
1564 3978 1928 4039 honorabile
1979 3980 2317 4057 capitulum
2381 3980 2642 4042 ecclesie
2690 3981 3135 4061 Zagrabiensis

572 4081 636 4141 in
683 4101 942 4144 causam
979 4092 1324 4145 attractum
1380 4094 1558 4164 parte
1607 4105 1682 4145 ex
1732 4087 1929 4147 altera
1993 4105 2181 4164 super
2224 4086 2391 4146 facto
2456 4096 2761 4147 metarum
2809 4088 3135 4149 cuiusdam

573 4189 990 4267 possessionis
1037 4192 1232 4270 ipsius
1265 4194 1556 4270 Mykech‚
1604 4194 1901 4270 Hrychen
1931 4192 2266 4267 nominate,
2316 4194 2519 4254 eidem
2564 4194 2939 4255 hereditario
2986 4196 3135 4255 iuris

571 4296 748 4356 titulo
794 4298 1108 4376 pertinere
1157 4301 1444 4380 allegate,
1492 4308 1555 4364 et
1599 4300 1662 4359 in
1710 4320 1785 4360 eo
1826 4300 2061 4361 scilicet
2104 4302 2259 4377 loeo,
2308 4301 2413 4360 ubi
2458 4309 2622 4361 mete
2669 4302 2945 4379 predicte
2992 4322 3133 4380 pos-

571 4404 871 4465 sessionis
918 4406 1114 4484 ipsius
1145 4408 1438 4485 Mykech,
1486 4409 1800 4484 Hrychen‚
1849 4408 2233 4487 possessioni
2264 4408 2525 4487 predicti
2572 4410 2824 4487 capituli
2869 4392 3137 4470 Prelaka

572 4512 840 4573 vocitate
873 4514 1169 4594 contigue
1192 4515 1586 4590 vicinaretur,
1619 4516 1989 4591 habitarum,
2024 4536 2099 4576 eo
2128 4517 2297 4594 quod
2318 4518 2506 4593 ydem
2531 4516 2805 4593 Mykech
2837 4536 3137 4597 magnam

569 4618 939 4696 particulam
988 4621 1150 4682 dicte
1199 4622 1616 4699 possessionis
1665 4642 1777 4681 sue
1825 4624 2125 4700 Hrychen
2156 4623 2467 4701 peridem
2515 4622 2850 4701 capitulum
2898 4624 3134 4703 Zagra-

568 4724 788 4785 biense
833 4734 1116 4805 tempore
1164 4728 1684 4789 reambulacionis
1719 4737 1781 4788 et
1812 4739 2122 4790 metarum
2170 4730 2509 4791 ereccionis
2559 4730 2840 4789 eiusdem
2888 4742 3133 4807 posses-

571 4831 764 4893 sionis
831 4833 1117 4910 Prelaka,
1190 4836 1608 4913 mediantibus
1683 4836 1860 4917 regio
1908 4847 1972 4898 et
2017 4838 2269 4917 capituli
2332 4837 2595 4929 ecclesie
2643 4838 3133 4916 Quinqueeccle-

574 4939 798 5012 siensis
844 4941 1216 5027 hominibus,
1287 4954 1353 5013 ut
1409 4944 1724 5015 referebat
1767 4945 1831 5017 in
1891 4946 1991 5011 sui
2036 4945 2334 5016 absencia
2392 4944 2557 5013 facte
2606 4954 2781 5012 extra
2842 4964 3134 5011 verarum.

2954 5066 2990 5135 ὃ
