3917 5592
3012 455 3145 518 429

801 665 1085 735 originale
1125 668 1505 735 chartaceum,
1548 683 1584 720 a
1623 670 1776 735 tergo
1814 666 2112 735 vestigium
2154 668 2408 736 appressi
2445 668 2627 736 sigilli.
2668 668 2728 752 113
2767 668 2917 721 arch.
2954 667 3145 729 accad.

578 755 774 809 scient.
815 756 1033 809 Slavor.
1078 756 1270 838 merid.
1310 754 1635 823 Zagrabiae.

799 916 812 946 ¹
853 914 936 969 sic
994 915 1319 984 (vocatam).
1409 916 1430 946 ⁸
1464 931 1508 971 s.
1550 914 1601 971 d.
1640 940 1706 961 ==
1745 917 1999 986 sequ-itur
2060 917 2361 987 descriptio
2400 918 2476 987 (2²)
2551 918 2586 989 ‚⁸
2621 918 2703 973 sic
2755 916 2953 987 (unam
3017 933 3145 971 eum

577 1004 769 1059 media
806 1004 957 1059 dieta
991 1004 1054 1059 in
1089 1020 1153 1060 se
1191 1005 1617 1073 continentem).
1689 1006 1712 1035 ⁴
1748 1006 1830 1062 sic
1867 1006 2169 1076 (pecunie).

1752 1401 1764 1411 .
1813 1345 1818 1349 ’
1857 1328 2069 1399 340.

798 1527 983 1587 Anno
1039 1525 1223 1588 1464.
1273 1536 1417 1589 ante
1475 1526 1568 1587 17.
1619 1527 1984 1589 decembris

807 1746 834 1777 z
890 1770 903 1783 .
952 1769 966 1784 .
1015 1770 1028 1783 .
1079 1769 1091 1783 .
1141 1725 1312 1803 quod
1357 1744 1499 1784 cum
1560 1725 1727 1785 idem
1791 1744 2004 1785 comes
2068 1723 2381 1805 Georgius
2443 1723 2847 1809 Zthanchych
2912 1728 2994 1806 acl
3055 1726 3143 1786 in-

586 1839 858 1890 stantem
907 1839 970 1892 et
1013 1830 1390 1911 legittimam
1430 1830 1803 1910 peticionem
1849 1831 2075 1911 prefati
2108 1832 2332 1892 nobilis
2380 1832 2523 1892 olim
2573 1831 2817 1913 Thorne
2862 1832 2969 1893 filii
3015 1834 3141 1894 Va-

591 1937 804 1997 lentini
850 1938 966 2012 filii,
1003 1937 1246 1999 Nicolai
1292 1938 1610 2015 wanych
1661 1939 1738 1998 de
1787 1940 2039 2015 stan,
2085 1930 2358 1999 nobilem
2387 1940 2590 1999 virum
2636 1940 2900 1999 Paulum
2948 1940 3140 2001 filiurn

583 2045 828 2105 Thome
878 2047 956 2106 de
1002 2046 1352 2122 Hraschan‚
1401 2046 1482 2106 ad
1528 2046 1767 2106 nobiles
1799 2046 2041 2121 fratreS,
2091 2046 2312 2107 affines
2360 2066 2437 2107 ac
2471 2046 2710 2107 vicinos
2758 2056 2821 2108 et
2866 2067 3141 2129 comme-

587 2159 806 2211 taneos
854 2140 1049 2231 ipsius
1097 2154 1340 2214 Thome
1388 2152 1494 2213 filii
1550 2153 1864 2227 Valentini
1911 2153 2015 2212 filii
2048 2152 2305 2233 ‘Nicolai
2352 2154 2691 2232 wanych,
2738 2154 2977 2216 nobiles
3024 2155 3142 2215 sci-

586 2258 729 2319 licet
775 2262 853 2320 de
902 2259 1069 2320 dicta
1097 2262 1348 2335 stan,
1381 2261 1700 2337 larebych‚
1731 2262 2178 2338 Wkomerych,
2209 2261 2569 2322 Rodmancz
2604 2270 2666 2322 et
2694 2262 3140 2340 Gustinnycza,

586 2367 666 2426 ad
737 2368 1258 2429 ammonicionem
1319 2388 1510 2447 super
1570 2368 1880 2447 premissa
1940 2367 2475 2449 impignoracione
2535 2369 2888 2429 faciendam
2950 2370 3138 2429 desti-

583 2481 815 2548 nasset,
864 2482 932 2533 ut
977 2475 1031 2535 si
1077 2475 1367 2535 videlicet
1397 2474 1535 2553 quis
1569 2494 1784 2535 eorum
1833 2475 1999 2536 idem
2030 2475 2261 2557 pignus
2309 2476 2390 2536 ad
2438 2494 2507 2537 se
2553 2475 2785 2536 habere
2817 2476 3132 2553 voluisset,

580 2598 698 2639 nec
744 2599 841 2655 ne,
889 2581 994 2660 qui
1041 2601 1261 2642 omnes
1308 2582 1472 2642 idem
1535 2582 1764 2662 pignus
1812 2583 1894 2663 acl
1941 2602 2011 2643 se
2058 2583 2290 2669 habere
2335 2582 2585 2643 minime
2649 2583 2930 2644 volentes
2985 2583 3133 2673 libe·

579 2706 714 2747 ram
763 2687 930 2749 dicto
977 2689 1222 2750 Thome
1267 2690 1592 2767 wanych
1639 2690 1738 2751 cui
1787 2691 1974 2750 vellet
2039 2674 2361 2752 dedissent
2405 2690 2730 2770 potestatis
2776 2690 3135 2752 facultatem

576 2795 1057 2877 impignorandi,
1104 2798 1383 2859 similiter
1429 2798 1490 2858 in
1538 2798 1818 2878 predicto
1867 2818 2032 2859 anno
2062 2798 2295 2859 domini
2340 2798 2667 2859 millesimo
2715 2799 3134 2881 quadringen-

574 2904 797 2965 tesimo
843 2906 1244 2986 sexagesimo
1293 2899 1514 2985 quarto
1563 2953 1576 2967 .
1625 2953 1638 2966 .
1683 2887 1703 2967 ⁵.
1752 2952 1766 2967 .
1815 2930 1872 2966 ,ς

788 3044 996 3101 Mentio
1035 3047 1298 3117 verbalia,
1340 3052 1400 3101 ut
1437 3062 1628 3116 supra,
1669 3048 1728 3102 in
1766 3047 1943 3103 literis
1996 3047 2221 3103 Martini
2260 3048 2541 3111 Therczel,
2594 3048 2818 3103 comitis
2856 3048 3131 3103 terrestris

575 3133 775 3204 Campi
813 3136 1206 3204 Zagrabiensis
1245 3153 1294 3192 a.
1336 3136 1494 3192 1552.
1532 3136 1617 3193 28.
1659 3137 1862 3194 martii.
1914 3139 2080 3209 Apud
2118 3140 2249 3193 nob.
2300 3138 2528 3193 Petrum
2570 3137 2779 3208 Cigetie
2824 3139 2886 3193 in
2934 3138 3130 3209 Super.

572 3223 835 3279 Lukavec
867 3223 968 3280 No.
1009 3224 1092 3281 13.

1748 3528 1959 3601 ³50.

783 3726 969 3786 Anno
1025 3725 1208 3788 1464.
1267 3728 1360 3789 17.
1409 3731 1773 3790 decembris,
1823 3732 2193 3812 Zagrabiae.

576 3920 830 3984 Coram
886 3918 1189 4005 Georgio
1250 3921 1691 4006 Zthanchych
1737 3922 1820 3987 de
1864 3922 2107 4008 Super.
2182 3924 2591 4003 kaawecz,
2656 3926 2903 3991 comite
2968 3930 3126 3991 terr.

575 4026 825 4112 Campi
871 4027 1388 4117 Zagrabiensis‚
1446 4027 1745 4093 Thomas
1761 4028 1976 4114 filius
2018 4030 2374 4097 Valentini
2418 4032 2501 4096 de
2547 4033 2820 4111 stan,
2860 4039 3127 4118 posses-

567 4134 837 4199 sionem
883 4155 1086 4199 suam
1121 4133 1468 4199 Dobrawa
1498 4139 1828 4213 vocatam,
1877 4142 2026 4201 octo
2058 4138 2363 4224 florenis
2388 4138 2744 4205 Anthonio
2789 4143 2854 4204 et
2901 4140 3126 4206 Paulo

852 4241 1043 4325 filiis
1090 4241 1322 4306 Marci
1371 4242 1606 4307 Kozko
1652 4243 1733 4308 de
1779 4244 2172 4323 Hraschan,
2225 4248 2520 4331 pignori
2565 4246 2838 4333 obligat.

780 4441 914 4500 Nos
962 4440 1278 4521 Georgius
1346 4442 1508 4502 filius
1571 4442 1893 4504 Benedicti
1968 4444 2115 4505 dicti
2184 4446 2587 4524 Zthanchych
2659 4448 2737 4507 de
2807 4448 3125 4527 Superiori

566 4548 938 4607 kaawecz
987 4566 1198 4608 comes
1246 4549 1557 4610 terrestris
1605 4549 1832 4629 Campi
1893 4552 2338 4631 Zagrabiensis
2403 4554 2702 4615 memorie
2767 4556 3121 4616 commeda-

566 4674 706 4715 mus
752 4674 864 4733 per
911 4663 1253 4733 presenteS,
1287 4657 1456 4735 quod
1488 4657 1766 4717 Thomas
1799 4659 1958 4719 filius
1994 4659 2304 4719 Valentini
2336 4661 2444 4721 filii
2489 4661 2731 4721 Nicolai
2763 4664 2842 4723 de
2873 4664 3123 4739 stan,

568 4763 649 4822 ad
696 4770 976 4826 nostram
1020 4763 1432 4842 personaliter
1492 4764 1752 4825 veniens
1815 4767 2225 4845 presenciam,
2291 4769 2615 4829 confesuss
2679 4779 2774 4830 est
2833 4772 2895 4831 in
2960 4772 3125 4832 hunc

563 4869 838 4943 modurn,
909 4877 977 4928 ut
1039 4868 1173 4947 ipse
1239 4872 1554 4950 quandam
1621 4874 2087 4950 possessionem
2154 4895 2351 4950 suam,
2416 4876 2704 4938 videlicet
2764 4879 3123 4957 porcionem

564 4992 744 5035 suam
787 4974 1350 5053 possessionariam
1379 4977 1699 5039 Dobrawa
1747 4988 1971 5040 vocata
1986 4976 2033 5083 ¹².
2068 4982 2129 5041 in
2174 4983 2481 5044 territorio
2526 4985 2774 5061 stan,
2824 5006 2967 5047 cum
2994 4988 3123 5047 suis
