3917 5592
839 468 972 529 324

839 683 917 741 ab
989 682 1314 741 occidente
1375 690 1584 741 autem
1632 690 1694 740 et
1738 680 2082 742 meridione
2128 681 2288 741 inter
2344 690 2577 741 terram
2624 681 2922 743 arabilem
2969 682 3399 761 quartaliciam

833 790 1292 868 infrascriptam
1354 790 1634 850 annotati
1693 789 2019 877 Benedicti
2079 788 2396 868 Krupych,
2461 807 2499 848 a
2560 789 3003 868 septemtrione
3053 809 3204 850 vero
3236 789 3398 851 inter

833 898 1087 958 fluvium
1159 898 1376 958 Mlaka
1437 904 1729 956 vocatum
1775 895 2085 971 habitam3
2146 896 2296 957 item
2342 897 2660 976 quandam
2707 904 2939 957 terram
2987 897 3288 958 arabilem
3333 898 3397 959 in

833 1008 1058 1066 eadem
1126 1007 1341 1065 Mlaka
1411 1024 1606 1084 penes
1674 1004 1983 1084 prefatam
2049 1003 2396 1064 sessionem
2458 1003 2654 1083 ipsius
2718 1006 3039 1065 Benedicti
3097 1005 3395 1085 Krupych

834 1113 914 1172 ab
961 1112 1217 1187 oriente,
1266 1132 1341 1173 ac
1387 1111 1546 1173 inter
1610 1121 1842 1172 terram
1902 1111 2201 1171 arabilem
2263 1119 2678 1189 campestrem
2726 1112 3031 1171 dictorum
3092 1112 3393 1172 heredum

831 1220 1027 1299 ipsius
1075 1222 1344 1281 condam
1405 1220 1606 1280 Marci
1651 1220 1875 1299 supani
1924 1219 2003 1279 ab
2066 1218 2405 1293 occidente,
2455 1237 2493 1277 a
2540 1218 2982 1297 septemtrione
3029 1237 3181 1279 vero
3233 1220 3396 1280 inter

831 1326 1141 1406 prefatum
1207 1328 1468 1388 fluvium
1528 1328 1746 1387 Mlaka
1810 1335 1873 1388 et
1920 1346 1958 1386 a
2004 1326 2346 1387 meridione
2402 1324 2564 1386 inter
2609 1325 2778 1385 viam
2840 1345 3253 1401 communem,
3318 1346 3393 1386 ac

828 1435 990 1495 inter
1033 1444 1268 1495 terram
1333 1435 1742 1496 sessionalem
1803 1434 2222 1513 predictorum
2284 1434 2586 1493 heredum
2632 1431 2829 1513 ipsius
2878 1434 3145 1493 condam
3192 1434 3393 1494 Marci

830 1542 1071 1621 supani,
1120 1561 1160 1602 a
1203 1542 1482 1621 predicto
1531 1542 1768 1602 oriente
1813 1541 2110 1616 habitam,
2157 1550 2399 1618 septem
2446 1540 2867 1600 dimensiones
2916 1540 3187 1600 maiores
3220 1542 3391 1621 wlgo

827 1650 1044 1725 methy
1075 1657 1334 1709 vocatas
1369 1650 1608 1729 absque
1638 1648 1772 1709 aliis
1805 1668 1914 1708 sex
1947 1648 2288 1707 minoribus
2318 1646 2807 1708 dimensionibus
2832 1648 3001 1727 wlgo
3025 1648 3392 1725 wdylnycze

829 1756 1068 1816 vocatis
1115 1757 1177 1817 in
1209 1776 1278 1817 se
1308 1757 1760 1831 continentem;
1807 1756 1956 1815 item
1990 1756 2191 1815 eciam
2240 1756 2557 1834 quandam
2592 1754 2776 1814 aliam
2806 1763 3039 1815 terram
3086 1756 3386 1816 arabilem

824 1882 1020 1943 prope
1067 1872 1268 1925 metas
1315 1864 1456 1924 ville
1518 1865 1807 1924 Hrascha
1869 1872 2110 1934 vocate,
2176 1864 2335 1923 inter
2381 1864 2698 1943 quandam
2760 1863 2928 1923 viam
2990 1882 3387 1924 communem

828 1972 907 2030 ab
955 1972 1296 2046 occidente,
1340 1991 1415 2031 ac
1444 1972 1606 2031 inter
1634 1979 1864 2032 terram
1915 1972 2213 2031 arabilem
2260 1971 2537 2049 ipsorum
2582 1972 2884 2031 heredum
2933 1970 3079 2030 dicti
3118 1973 3385 2031 condam

825 2078 1026 2138 Marci
1074 2080 1298 2157 supani
1346 2098 1386 2139 a
1431 2078 1790 2151 meridione,
1841 2098 1878 2138 a
1926 2078 2369 2157 septemtrione
2402 2098 2554 2137 vero
2602 2078 2760 2137 inter
2806 2086 3037 2138 terram
3085 2078 3385 2138 arabilem

823 2186 1124 2246 heredum
1171 2186 1432 2265 predicti
1479 2186 1744 2245 condam
1782 2186 2035 2246 Andree
2083 2185 2188 2245 filii
2235 2185 2429 2263 ipsius
2476 2185 2717 2245 Nicolai
2750 2185 2855 2245 filii
2889 2186 3035 2245 dicti
3066 2187 3292 2260 Laczk,
3326 2193 3387 2246 et

825 2292 903 2351 ab
951 2292 1190 2352 oriente
1239 2292 1399 2351 inter
1443 2290 1629 2355 fenile
1677 2292 2061 2371 prefatorum
2125 2293 2422 2352 heredum
2480 2292 2673 2371 ipsius
2724 2294 2989 2352 condam
3038 2293 3237 2353 Marci
3284 2312 3385 2352 su-

823 2399 972 2478 pani
1019 2400 1318 2473 habitam,
1383 2402 1540 2460 duas
1603 2400 2023 2460 dimensiones
2070 2401 2238 2480 wlgo
2301 2400 2512 2477 methy
2560 2400 2758 2460 dictas
2822 2408 2883 2459 et
2937 2420 3047 2461 sex
3096 2401 3250 2460 alias
3297 2400 3386 2461 di-

825 2507 1184 2567 mensiones
1215 2508 1385 2588 wlgo
1415 2508 1760 2585 wdylnicze
1786 2516 2046 2567 vocatas
2079 2508 2144 2567 in
2176 2527 2243 2567 se
2278 2508 2649 2582 habentem;
2681 2508 2831 2568 item
2862 2509 3180 2586 quoddam
3202 2508 3388 2568 fenile

824 2614 886 2673 in
933 2614 1240 2674 territorio
1289 2615 1367 2675 de
1416 2615 1696 2693 predicta
1744 2615 1978 2690 Mlaka,
2026 2615 2186 2675 inter
2231 2616 2415 2675 fenile
2463 2615 2805 2675 Clementis
2853 2617 2931 2676 de
2978 2616 3390 2693 Mykchowcz

825 2721 903 2780 ab
953 2721 1274 2782 occidente
1309 2730 1372 2783 et
1405 2742 1442 2781 a
1472 2723 1929 2801 septemtrione,
1980 2724 2059 2782 ab
2093 2723 2329 2783 oriente
2360 2732 2567 2782 autem
2601 2722 2760 2782 inter
2794 2724 2961 2783 viam
2994 2742 3389 2783 communem

823 2828 1049 2908 partim
1113 2836 1177 2888 et
1231 2828 1453 2908 partim
1520 2829 1680 2889 inter
1741 2838 1942 2889 metas
2006 2830 2424 2907 predictorum
2492 2828 2794 2890 heredum
2864 2830 3058 2909 ipsius
3123 2830 3390 2890 condam

826 2935 1028 2995 Marci
1075 2935 1316 3014 supani,
1365 2954 1404 2995 a
1450 2936 1791 2997 meridione
1841 2956 1992 2995 vero
2040 2936 2199 2997 inter
2244 2938 2465 2997 silvam
2514 2957 2909 2997 communem
2966 2937 3262 2997 nobilium
3312 2938 3390 2996 de

826 3042 993 3102 dicta
1039 3042 1260 3103 Mlaka
1327 3043 1626 3117 habitum,
1691 3043 1871 3102 simul
1920 3063 2063 3103 curn
2127 3044 2414 3103 omnibus
2478 3044 2839 3105 utilitatibus
2887 3054 2950 3106 et
2996 3044 3390 3123 pertinenciis

833 3150 1158 3225 universis,
1207 3152 1429 3228 quovis
1476 3150 1742 3211 nominis
1767 3151 2076 3210 vocabulo
2104 3151 2405 3226 vocitatiS,
2454 3153 2536 3212 ad
2568 3152 2797 3212 dictam
2846 3153 3193 3213 sessionem
3224 3160 3287 3212 et
3312 3153 3393 3211 ad

834 3257 1090 3317 easdem
1139 3265 1339 3317 terras
1373 3277 1448 3317 ac
1493 3258 1573 3317 ad
1603 3258 1834 3318 dictum
1882 3258 2067 3318 fenile
2116 3259 2538 3336 spectantibus
2572 3270 2635 3319 et
2664 3260 2973 3339 pertinere
3006 3260 3391 3333 debentibuS,

830 3365 1072 3443 pretato
1121 3364 1462 3424 Benedicto
1509 3365 1822 3442 Krupych,
1871 3365 2177 3443 premisso
2225 3366 2564 3445 empcionis
2612 3368 2786 3427 titulo
2834 3368 2950 3427 sibi
2998 3357 3392 3442 incumbenti,

833 3491 908 3531 ac
954 3490 1068 3551 per
1115 3492 1259 3531 eum
1307 3471 1435 3531 suis
1483 3472 1816 3532 heredibus
1864 3482 2214 3532 statuerunt
2260 3484 2561 3552 perpetuo
2607 3475 3086 3553 posssidendum
3134 3484 3195 3534 et
3236 3493 3387 3554 quo-

829 3582 1266 3657 modocunque
1315 3581 1577 3640 volverit
1622 3581 1793 3640 iuxta
1839 3582 2019 3661 regni
2066 3582 2579 3642 consvetudinem
2621 3584 3092 3662 disponendum,
3140 3583 3388 3643 nemine

829 3688 1076 3767 penitus
1111 3688 1600 3761 contradicente,
1633 3688 1830 3748 tribus
1858 3688 2077 3748 diebus
2107 3690 2413 3749 continuis
2448 3699 2508 3750 et
2540 3691 2855 3771 legittimis
2888 3711 3127 3751 moram
3159 3691 3389 3752 ibidem

829 3796 1130 3856 facientes
1191 3797 1604 3873 personalem.
1667 3797 1734 3855 In
1797 3816 2059 3875 quorum
2126 3798 2403 3857 omnium
2464 3799 2911 3876 premissorum
2966 3800 3388 3859 testimonium

830 3902 1312 3981 firmitatemque
1383 3911 1766 3981 perpetuam,
1836 3905 2229 3982 presentibus
2298 3906 2501 3986 sigilla
2566 3915 2781 3967 nostra
2850 3908 3032 3968 solita
3100 3908 3390 3969 duximus

833 4011 1264 4089 appendenda.
1312 4012 1546 4070 Datum
1592 4012 1920 4092 Zagrabie‚
1968 4012 2125 4072 feria
2171 4015 2449 4073 secunda
2480 4015 2763 4091 proxima
2795 4023 2939 4075 ante
2962 4016 3191 4075 festum
3222 4017 3387 4076 exal-

832 4118 1095 4177 tacionis
1169 4128 1384 4179 sancte
1448 4119 1665 4192 crueiS,
1714 4138 1877 4179 anno
1944 4119 2176 4180 domini
2238 4122 2563 4182 millesimo
2626 4122 3241 4203 quadringentesimo
3310 4118 3393 4182 L⁰

833 4233 1071 4304 quarto·

1047 4345 1330 4416 Originale
1356 4351 1798 4419 membraneum,
1841 4351 2158 4421 dependent
2182 4353 2367 4405 solum
2395 4354 2540 4405 duae
2567 4352 2814 4406 sericeae
2851 4368 3045 4423 zonae,
3084 4370 3199 4407 una
3234 4354 3391 4407 rubei

834 4437 1014 4490 altera
1055 4436 1300 4492 coerulei
1339 4439 1572 4499 coloris;
1619 4439 1801 4507 sigilla
1849 4440 2149 4509 perierunt.
2200 4442 2261 4494 ln
2301 4440 2533 4494 archivo
2572 4456 2787 4509 regnor.
2826 4440 2883 4496 C.
2935 4440 2987 4496 S.
3026 4446 3082 4496 et
3116 4442 3221 4497 D.:
3264 4442 3392 4497 Doc.

833 4526 1006 4580 medii
1043 4526 1171 4581 aevi
1209 4542 1258 4581 a.
1301 4525 1455 4583 1454.

1055 4689 1068 4717 ¹
1107 4688 1203 4742 sic.
1281 4688 1300 4717 ²
1336 4688 1432 4743 sic.
