3917 5592
751 430 880 491 278

762 643 1273 724 possessionarie,
1321 642 1539 702 vicinis
1569 652 1633 703 et
1664 642 2113 703 commetaneis
2160 641 2441 701 eiusdem
2497 640 2805 700 universis
2838 640 2987 701 inibi
3016 640 3318 720 legittime

757 752 1118 813 convocatis
1165 760 1229 811 et
1273 749 1666 828 presentibus
1716 749 2114 823 accesissent,
2162 757 2311 807 tune
2374 748 2493 826 ipsi
2550 747 2863 825 predictos
2928 748 3317 826 Stephanum

751 870 812 920 et
843 858 1268 932 Benedictum,
1300 857 1364 917 in
1396 856 1738 917 dominium
1768 856 1952 916 trium
1986 856 2283 934 parcium,
2316 854 2625 934 prefatum
2660 864 2869 915 autem
2902 854 3311 927 Clementem,

753 968 814 1026 in
862 966 1202 1027 dominium
1249 974 1468 1043 quarte
1515 964 1710 1043 partis
1752 964 2030 1042 predicte
2061 962 2477 1042 possessionis
2510 972 2572 1022 et
2610 962 2921 1041 porcionis
2968 962 3312 1041 possessio·

755 1074 928 1134 narie
975 1074 1276 1154 legittime
1323 1071 1825 1146 introduxissent,
1859 1090 1935 1131 ac
1969 1073 2225 1132 easdem
2272 1081 2399 1132 tres
2424 1080 2635 1150 partes
2668 1070 2862 1149 ipsius
2894 1069 3309 1149 possessionis

755 1192 817 1243 et
861 1180 1171 1260 porcionis
1217 1179 1710 1259 possessionarie
1759 1199 1902 1239 cum
1949 1198 2167 1240 earum
2213 1179 2575 1239 utilitatibus
2628 1187 2691 1239 et
2734 1175 3132 1257 pertinenciis
3180 1176 3312 1235 uni-

755 1271 973 1363 versis,
1023 1286 1262 1349 eisdem
1305 1288 1627 1366 Stephano
1691 1296 1754 1347 et
1815 1288 2175 1362 Benedict0,
2234 1287 2464 1348 dictam
2510 1306 2662 1346 vero
2724 1294 3015 1365 quartam
3074 1293 3317 1363 partem

755 1397 1037 1459 eiusdem
1099 1395 1516 1475 possessionis
1579 1404 1643 1455 et
1704 1395 2016 1474 porcionis
2078 1395 2595 1473 possessionarie,
2656 1395 2936 1455 similiter
2998 1414 3139 1455 cum
3188 1395 3319 1455 suis

757 1504 1118 1564 utilitatibus
1165 1512 1228 1564 et
1275 1502 1673 1583 pertinenciis
1719 1502 2046 1577 universiS,
2094 1502 2259 1563 dicto
2308 1502 2617 1563 Clementi
2665 1511 2729 1563 et
2774 1504 2835 1562 in
2898 1504 3165 1563 heredes
3211 1504 3319 1563 he·

758 1612 976 1672 redum
1010 1630 1228 1671 eorum
1261 1611 1626 1671 statuissent
1656 1619 1960 1689 perpetuo
1993 1610 2456 1689 possidendam,
2504 1610 2753 1671 nemine
2798 1611 3045 1690 penitus
3078 1620 3321 1671 contra·

759 1718 1022 1794 dicente,
1069 1719 1266 1779 tribus
1313 1719 1535 1779 diebus
1583 1718 1890 1779 continuis
1947 1727 2010 1779 et
2055 1719 2379 1799 legittimis
2440 1738 2685 1780 moram
2746 1719 2977 1780 ibidem
3036 1718 3324 1779 faciendo

759 1828 1172 1905 personalem.
1221 1829 1290 1889 In
1313 1844 1580 1907 quorum
1600 1827 1876 1887 omnium
1925 1827 2373 1906 premissorum
2395 1826 2818 1888 testimonium
2844 1828 3323 1907 firmitatemque

761 1942 1145 2013 perpetuam,
1178 1934 1570 2013 presentibus
1595 1934 1801 2015 sigilla
1829 1943 2044 1994 nostra
2068 1933 2252 1994 solita
2276 1934 2563 1994 duximus
2612 1935 3043 2013 appendenda.
3090 1935 3323 1994 Datum

761 2043 1092 2123 Zagrabie,
1145 2043 1302 2103 teria
1347 2044 1642 2117 secunda,
1689 2044 1754 2103 in
1798 2043 1958 2103 festo
2008 2043 2241 2103 scilicet
2272 2044 2457 2104 beate
2505 2043 2696 2103 Lucie
2744 2042 3003 2123 virginis
3052 2051 3115 2102 et
3160 2062 3323 2102 mar-

761 2150 894 2211 tiris
940 2148 1191 2225 Christi,
1255 2168 1419 2211 anno
1469 2151 1749 2211 eiusdem
1797 2149 2125 2211 millesimo
2170 2150 2787 2231 quadringentesimo
2835 2150 3323 2229 quadragesimo

749 2257 996 2336 ·quint0.

980 2378 1264 2448 origii-ale
1301 2381 1748 2442 membraneum,
1788 2381 2107 2450 dependent
2144 2381 2289 2435 duae
2340 2380 2588 2434 sericeas
2624 2395 2821 2441 zonae,
2859 2395 2895 2433 a
2933 2395 3170 2448 quarum
3212 2394 3325 2433 una

766 2470 940 2525 rubea
989 2468 1184 2538 pendit
1233 2468 1494 2538 sigillum,
1551 2470 1762 2525 alterae
1808 2472 2000 2524 autem
2051 2469 2342 2524 violaceae
2381 2484 2558 2524 zonae
2598 2468 2734 2523 olim
2786 2469 3103 2555 adhaerens
3140 2467 3325 2537 periit.

766 2558 827 2611 In
865 2556 1100 2612 archivo
1137 2559 1328 2613 accad.
1367 2559 1561 2614 scient.
1599 2560 1815 2613 Slavor.
1853 2558 2050 2613 mei-id.
2090 2558 2409 2646 &grabius

989 2738 1004 2767 ²
1041 2737 1124 2791 sic
1161 2736 1366 2807 (iusta).

982 3224 1166 3283 Anno
1223 3220 1408 3283 1446.
1451 3219 1554 3281 23.
1599 3222 1911 3283 februarii.
1959 3222 2330 3302 Zagrabiae.

767 3433 1205 3498 Ammonitio
1249 3433 1332 3497 de
1376 3431 1721 3497 vendenda
1769 3436 1958 3495 terra
2005 3432 2084 3495 in
2131 3429 2447 3516 Gorycza
2483 3436 2613 3515 per
2656 3430 3019 3515 Symonem
3069 3429 3326 3514 (fllium

1153 3537 1521 3603 Michaelis
1565 3537 1740 3602 dicti
1797 3536 2404 3621 Thowarusewych
2450 3536 2531 3601 de
2585 3536 2948 3622 Gorycza),

983 3800 1186 3815 .....
1234 3752 1512 3813 Blasium
1560 3762 1622 3813 et
1667 3755 1840 3812 Iwan
1875 3800 1888 3813 .
1922 3799 1936 3813 .
1973 3800 1985 3812 .
2020 3800 2033 3811 .
2068 3800 2081 3812 .
2136 3754 2388 3829 Vrbani,
2438 3774 2513 3814 ac
2561 3756 2643 3815 ad
2688 3755 3074 3815 Anthonium
3134 3754 3326 3814 filium

768 3861 991 3941 prefati
1036 3860 1205 3920 Petri
1261 3858 1368 3919 filii
1427 3859 1622 3937 ipsius
1669 3859 1924 3933 Vrbani,
1974 3879 2090 3920 nec
2138 3880 2261 3920 non
2310 3862 2393 3921 ad
2440 3862 2838 3922 Valentinum
2894 3863 3086 3923 filium
3122 3908 3326 3921 .....
3418 3896 3429 3947 .'

769 3968 915 4031 dicti
961 3967 1239 4027 similiter
1283 3968 1874 4044 Thowarusewych‚
1922 3976 1986 4027 et
2018 3969 2098 4027 ad
2132 3968 2516 4029 Anthonium
2563 3969 2796 4030 dictum
2835 3970 3088 4047 Karych
3134 3969 3328 4029 filium

771 4074 1048 4155 Gurgek,
1095 4074 1334 4133 nobiles
1382 4074 1460 4133 de
1505 4074 1785 4152 predicta
1816 4074 2135 4152 Gorycza3
2189 4076 2337 4135 item
2380 4077 2459 4136 ad
2493 4077 2876 4137 Anthonium
2910 4085 2971 4136 et
3002 4078 3329 4152 Mathyam

770 4182 928 4243 filios
953 4181 1211 4241 Adriani
1241 4181 1346 4241 filii
1379 4180 1668 4241 Iohannis
1694 4182 1772 4241 de
1799 4182 2023 4242 eadem
2050 4184 2357 4260 Gorycza‚
2392 4203 2466 4243 ac
2492 4186 2574 4244 ad
2598 4185 2954 4258 Martinam,
2989 4185 3327 4257 Vrbanum,

771 4288 1183 4363 Dominicum,
1231 4288 1593 4367 Georgium,
1641 4288 1904 4349 Paulum
1953 4299 2016 4349 et
2061 4288 2435 4352 Michaelem
2482 4292 2641 4352 filios
2688 4292 2985 4352 Anthonii
3034 4292 3139 4351 filii
3186 4311 3323 4370 pre·
3412 4367 3419 4382 ι

772 4397 917 4457 dicti
947 4396 1254 4471 Iohannis,
1287 4414 1404 4455 nec
1431 4415 1558 4455 non
1592 4396 1672 4455 ad
1704 4397 2102 4458 Valentinum
2137 4399 2329 4459 filium
2360 4401 2531 4459 Luce
2562 4400 2666 4460 filii
2702 4400 2963 4477 predicti
3005 4400 3327 4473 Iohannis;

771 4504 920 4563 item
967 4503 1167 4562 eciam
1215 4502 1296 4561 ad
1355 4502 1576 4579 Elyam
1643 4502 1832 4563 filium
1890 4505 2143 4565 alterius
2189 4507 2479 4566 Iohannis
2543 4508 2622 4566 de
2680 4506 2962 4585 predicta
3022 4505 3327 4582 Gorycza,

772 4619 835 4671 et
882 4611 963 4671 ad
1010 4609 1400 4675 Michaelem,
1449 4609 1758 4670 Thomam
1806 4630 1881 4671 ac
1913 4612 2257 4693 Georgium
2301 4614 2460 4675 filios
2494 4614 2772 4674 eiusdem
2820 4614 2995 4689 Elye‚
3040 4632 3159 4672 nee
3204 4632 3329 4671 non

773 4718 853 4779 ad
903 4717 1073 4790 alim,
1123 4717 1204 4776 ad
1264 4716 1572 4795 quoslibet
1631 4716 1854 4778 fratres
1900 4719 2137 4781 vicinos
2199 4729 2261 4781 et
2321 4714 2787 4781 commetaneos
2836 4739 2909 4780 ac
2956 4719 3328 4799 consangvi-

772 4843 926 4885 neos
996 4824 1190 4902 ipsius
1255 4822 1540 4897 Simonis,
1589 4824 2001 4907 propingvos¹
2080 4836 2141 4887 et
2210 4836 2500 4903 remotOS,
2587 4829 2667 4887 ad
2735 4806 2893 4908 quos
2967 4828 3197 4889 decens
3268 4837 3331 4888 et

778 4940 1197 5011 opportunum
1243 4929 1464 4990 {uisset
1511 4931 1898 5008 accessisset,
1945 4943 2009 4993 et
2054 4953 2164 4995 eos
2210 4935 2275 4994 in
2306 4952 2382 4995 eo
2430 4934 2829 5010 amonuisset,
2877 4942 2945 4995 ut
2990 4936 3043 4994 si
3072 4936 3193 5016 ipsi
3224 4943 3332 4996 aut
