3917 5592
2982 482 3095 547 141

1723 698 1926 770 145.

749 904 936 964 Anno
994 901 1182 964 1395.
1239 900 1333 962 10.
1381 900 1548 961 iunii.

747 1100 1106 1179 Capitulum
1169 1098 1473 1159 ecclesiae
1520 1096 1985 1177 ZagrabiensiS,
2035 1096 2286 1157 Detrico
2342 1096 2561 1156 Bubek
2610 1097 2791 1178 regni
2835 1098 3093 1157 Sclauo-

531 1211 677 1270 niae
729 1209 914 1283 banc),
978 1207 1148 1286 quod
1209 1206 1382 1266 iuxta
1442 1205 1808 1265 mandatum
1867 1204 2252 1282 Sigismundi
2318 1204 2685 1285 Hungariae
2749 1214 2864 1265 etc.
2914 1203 3099 1285 regis,

531 1336 645 1396 pro
693 1323 868 1395 parte
917 1313 1146 1374 civium
1194 1312 1752 1393 Montisgrecensis
1809 1319 2186 1385 emanatum,
2240 1330 2510 1371 vnacum
2562 1312 2883 1391 Stephano
2932 1310 3098 1371 dicto

538 1423 798 1485 Chernk
875 1423 953 1483 de
1029 1420 1370 1495 Koznicha,
1449 1419 1790 1481 Iohannem
1862 1419 2184 1479 Lanceloti
2258 1419 2750 1479 concanonicum
2826 1418 3104 1498 ipsorum

533 1533 616 1593 ad
681 1529 1164 1592 reambulandas
1225 1535 1428 1588 metas
1497 1525 1914 1605 possessionis
1975 1525 2283 1587 dictorum
2346 1524 2577 1586 civium
2622 1526 2943 1603 Hrasthya
2990 1544 3097 1584 vo-

531 1648 729 1713 catae,
779 1658 818 1699 a
862 1646 1041 1718 parte
1086 1635 1506 1716 possessionis
1553 1634 1829 1694 Ladislai
1877 1641 1941 1694 et
1988 1634 2293 1713 Stephani
2338 1634 2606 1694 filiorum
2654 1632 2978 1694 Benedicti
3025 1652 3102 1693 ac

531 1746 822 1827 Gregorii
883 1744 992 1805 filii
1055 1742 1406 1821 Mychaelis
1475 1743 1554 1802 de
1618 1741 1798 1803 Odra
1841 1742 2177 1817 misissent,
2226 1749 2288 1801 et
2334 1760 2477 1801 cum
2544 1741 2609 1801 in
2654 1739 2809 1801 locis
2856 1738 3098 1819 specifi-

531 1853 690 1915 catis
754 1860 956 1913 metas
1022 1851 1270 1932 erigere
1329 1858 1394 1911 et
1453 1850 1724 1911 eandem
1798 1848 2042 1909 civibus
2110 1849 2459 1928 relinquere
2529 1845 2886 1922 voluissent,
2956 1854 3106 1907 tnnc

533 1959 906 2023 Laurentius
955 1960 1271 2033 sacerdos,
1321 1964 1527 2018 rector
1595 1956 1900 2018 ecclesiae
1949 1957 2149 2019 sancti
2197 1956 2457 2037 Georgii
2505 1956 2585 2017 de
2633 1956 2811 2016 Odra
2855 1955 2919 2015 in
2964 1974 3103 2035 per-

531 2068 703 2129 sonis
748 2068 1174 2148 praefatorum
1219 2066 1512 2140 Ladislai,
1543 2066 1848 2145 Stephani
1877 2074 1940 2125 et
1972 2065 2264 2145 Gregorii
2297 2064 2654 2125 huiusmodi
2685 2063 3102 2125 erectionibus

527 2185 836 2237 metarum
882 2174 1393 2249 condradixisset,
1442 2193 1602 2254 quos
1649 2172 1939 2234 videlicet
1982 2173 2365 2246 Ladislaum,
2410 2172 2803 2251 Stephanum
2850 2179 2911 2231 et
2944 2172 3100 2233 Gre-

526 2284 770 2365 gotium
838 2283 921 2343 ad
989 2282 1340 2363 quindenas
1402 2280 1648 2342 sabbati
1687 2276 1981 2360 'proximi
2042 2287 2186 2360 post
2248 2278 2477 2340 festum
2524 2280 2993 2354 PenthecosteS,
3040 2280 3101 2340 in

529 2392 952 2471 praesentiam
999 2390 1149 2451 bani
1195 2390 1510 2465 citassent,
1560 2388 1765 2450 refert.

739 2531 980 2585 Ioannes
1018 2530 1260 2599 Τὶιιιῑόἰό,
1301 2530 1449 2585 Mon.
1489 2529 1616 2584 hist.
1656 2528 1804 2583 civit.
1843 2528 2151 2597 Zagrabiae
2196 2527 2235 2582 1·.
2283 2526 2407 2583 858.
2455 2555 2517 2568 —·
2563 2526 2847 2597 Originale
2881 2530 3101 2584 charta-

527 2636 707 2677 ceum.
773 2621 820 2677 A
857 2624 1012 2691 tergo
1049 2624 1286 2690 apparet
1323 2618 1620 2691 vestigium
1659 2618 1914 2690 appi-essi
1954 2616 2137 2689 sigilii.
2204 2618 2265 2673 In
2304 2615 2539 2673 archivo
2581 2617 2735 2672 civit.
2774 2618 3100 2689 Zagrabiae.

1724 2902 1928 2974 140.

685 3197 688 3200 Ι
752 3107 938 3168 Anno
995 3104 1176 3167 1395.
1236 3103 1330 3166 19.
1377 3104 1542 3201 iunii.
1591 3105 1985 3203 Zagrabiae3

743 3303 1033 3364 Detricus
1059 3303 1282 3363 Bubek
1311 3302 1514 3363 banus
1545 3301 1936 3375 Sclauoniae,
1980 3321 2239 3362 causam
2273 3302 2502 3363 civium
2533 3301 3093 3384 Montisgrecensis

534 3418 754 3471 contra
810 3409 1175 3471 Ladislaum
1223 3417 1287 3470 et
1332 3410 1722 3489 Stephanum
1771 3409 1928 3470 filios
1992 3409 2313 3470 Benedicti
2361 3430 2437 3471 ac
2484 3410 2860 3491 Gregorium
2907 3412 3100 3472 filium

531 3518 858 3579 Michaelis
907 3520 986 3579 de
1034 3517 1226 3593 Odra,
1275 3518 1337 3578 in
1386 3516 1716 3596 quindenis
1765 3516 2012 3577 sabbati
2058 3517 2319 3596 proximi
2367 3525 2512 3597 post
2556 3518 2785 3579 festum
2830 3520 3097 3580 Penthe-

534 3634 738 3687 costes
802 3627 884 3687 ad
945 3626 1328 3687 movendum
1397 3624 1811 3700 terminatam,
1861 3625 1943 3685 ad
1990 3631 2249 3686 octauas
2295 3625 2440 3688 festi
2486 3626 2929 3706 assumptionis
2977 3627 3099 3687 vir-

537 3732 700 3814 ginis
751 3716 1084 3815 gloriosae,
1131 3740 1448 3813 prorogat.

744 3875 985 3931 Ioannes
1023 3872 1265 3941 Tkalcic,
1305 3872 1552 3928 Menum.
1583 3873 1710 3927 hist.
1739 3872 1890 3928 civit.
1929 3874 2235 3943 Zagrabiae
2262 3876 2299 3929 1.
2322 3873 2445 3955 359.
2478 3904 2539 3913 —
2566 3873 2851 3945 originale
2873 3877 3091 3931 charta-

535 3978 711 4020 ceum.
769 3964 815 4019 A
853 3966 1009 4035 tergo
1048 3965 1285 4033 apparet
1336 3961 1634 4043 vestigium
1693 3963 1948 4033 appi-essi
1990 3964 2170 4035 sigilli.
2209 3965 2269 4019 In
2308 3964 2542 4021 archivo
2582 3964 2730 4020 civit.
2768 3964 3093 4035 Zagrabiae.

1724 4219 1761 4284 1
1778 4217 1928 4286 47.

745 4416 929 4475 Anno
987 4412 1170 4476 1395.
1220 4414 1278 4475 4.
1328 4409 1716 4495 septembris.
1766 4378 2141 4497 Zagrabiae.

744 4612 1054 4693 Magister
1114 4612 1422 4673 Martinus
1489 4614 1648 4672 Ders
1715 4613 2055 4675 vicebanus
2120 4622 2182 4675 et
2242 4633 2453 4675 comes
2522 4614 2969 4695 Zagrabiensis
3019 4634 3094 4676 ac

537 4718 769 4780 iudices
836 4718 1138 4780 nobilium
1209 4719 1494 4779 eiusdem
1564 4720 1914 4796 comitatuS,
1987 4722 2070 4782 ad
2130 4721 2489 4782 instantiam
2560 4722 2787 4783 civium
2836 4723 3099 4784 Montis-

539 4826 872 4906 grecensiS‚
921 4827 1002 4887 de
1071 4826 1379 4888 violentiis
1427 4836 1492 4888 et
1533 4826 1931 4904 facinoribus,
1980 4848 2093 4908 per
2138 4829 2499 4890 Ladislaum
2545 4830 2739 4891 filium
2784 4831 3098 4894 Valentini

539 4941 602 4993 et
642 4934 908 4994 Paulum
963 4934 1157 4995 filium
1217 4934 1386 4995 Petri
1456 4953 1532 4995 ac
1577 4935 1911 4997 Nicolaum
1956 4915 2152 4997 filium
2199 4937 2387 4997 Nouk
2434 4956 2679 4998 necnon
2728 4939 3099 5015 Dyonisium

537 5040 728 5104 filium
789 5042 958 5105 Petri
1018 5042 1098 5105 de
1167 5041 1556 5124 Lompnicha
1581 5062 1872 5107 unacum
1917 5044 2215 5107 fratribus
2262 5046 2541 5132 ipsorum
2585 5046 2650 5106 in
2695 5048 3095 5132 possessione
