3917 5592
2946 471 3077 536 235

739 671 1024 741 Originale
1063 676 1508 732 membraneum.
1548 679 1595 731 A
1622 693 1768 732 zona
1804 679 2022 735 sericea
2047 680 2212 735 viridi
2251 682 2456 750 pendet
2487 682 2749 752 sigillum,
2799 664 3076 740 exhibens

528 766 765 831 scutum,
803 762 862 815 in
901 780 1013 832 quo
1052 764 1205 819 ensis
1245 766 1477 835 cuspide
1515 784 1738 821 sursum
1775 784 1977 823 versus
2015 770 2273 838 superius
2313 787 2382 826 ex
2407 776 2641 842 utraque
2679 778 2838 843 parte
2875 791 3077 829 sexan-

526 851 703 919 gulari
766 853 929 907 stella
985 853 1287 909 comitatus
1342 855 1558 924 visitur,
1617 856 1979 911 circumcirca
2045 858 2245 927 legitur
2306 861 2498 915 attrita
2565 861 2884 931 inscriptio:
2940 863 2976 931 †
3023 864 3078 918 S.

521 940 649 994 STE
651 980 927 998 ......
979 942 1257 1012 (Sigillum
1316 944 1413 998 Ste
1419 986 1695 1001 ......
1700 950 1717 1011 )
1773 948 1833 999 In
1892 948 2044 1001 arch.
2104 949 2294 1003 accad.
2350 950 2544 1005 scient.
2604 951 2820 1006 Slavor.
2877 953 3070 1007 merid.

516 1030 839 1098 Zagrabiae.

736 1196 749 1223 ¹
787 1195 883 1250 sic.

1703 1484 1914 1555 22⁷.

734 1682 918 1742 Anno
974 1679 1159 1743 1432.
1218 1681 1241 1742 l
1304 1683 1695 1762 septembris,
1744 1685 1811 1743 In
1858 1685 2157 1746 Dumbro.

510 1873 807 1939 Ioannes
851 1876 1211 1959 episcopus
1256 1875 1770 1959 Zagmbiensis‚
1834 1879 2079 1944 literas
2137 1879 2531 1946 Eberhardi
2590 1884 2893 1967 episcopi
2939 1885 3067 1948 Za·

500 1980 917 2067 grabiensis‚
965 2004 1027 2045 a.
1077 1997 1251 2064 1599.
1302 1997 1401 2064 27.
1449 1988 1611 2068 sept.
1646 1990 1857 2069 super
1879 1987 2170 2051 decimis
2205 1988 2283 2051 in
2320 1988 2576 2074 Campo
2609 1990 3069 2075 Zagrabiensi

504 2090 848 2155 solvendis
892 2095 1271 2171 emanatas,
1319 2093 1719 2170 transumit,
1780 2114 1861 2157 ac
1906 2093 2256 2159 nobilibus
2305 2096 2614 2161 eiusdem
2665 2096 2914 2181 Campi
2959 2098 3065 2163 de-

1164 2199 1386 2263 cimas
1432 2200 1735 2284 capitulo
1780 2201 2058 2280 solvere,
2104 2202 2412 2271 mandat.

718 2398 984 2457 Ioannes
1040 2397 1141 2458 dei
1202 2408 1266 2458 et
1312 2400 1650 2477 apostolice
1714 2401 1883 2460 sedis
1944 2402 2163 2481 gracia
2226 2403 2556 2482 episcopus
2618 2406 3064 2485 Zagrabiensis

505 2504 667 2564 sacri
713 2505 979 2565 Romani
1024 2506 1266 2584 imperii
1315 2515 1377 2566 et
1408 2507 1581 2587 regie
1616 2508 1959 2568 maiestatis
2008 2510 2334 2588 Hungarie
2382 2530 2710 2589 supremus
2759 2514 3061 2573 cancella-

502 2612 629 2671 rius
678 2613 916 2672 dilectis
962 2613 1141 2673 nobis
1188 2615 1495 2674 universis
1544 2623 1606 2674 et
1652 2614 1913 2695 singulis
1960 2616 2270 2677 nobilibus
2319 2619 2507 2678 castri
2552 2620 2748 2679 nostri
2807 2622 3060 2681 Medwe

502 2720 579 2781 de
636 2718 881 2798 Campo
932 2721 1345 2800 Zagrabiensi
1407 2721 1671 2782 salutem
1720 2741 1863 2782 cum
1910 2722 2267 2783 dileccione.
2331 2724 2506 2785 Licet
2568 2726 2651 2786 ad
2695 2727 3057 2805 sepissimas

503 2836 747 2887 vestras
794 2826 1235 2888 infestaciones
1284 2835 1347 2887 et
1378 2827 1833 2907 suplicaciones
1866 2835 1930 2888 et
1958 2829 2299 2890 instancias
2329 2830 2508 2891 vobis
2541 2831 2604 2892 id
2637 2834 3056 2909 annuerimuS,

497 2933 665 3013 quod
710 2952 825 2992 vos
874 2935 1152 2994 decimas
1199 2954 1275 2995 ex
1322 2942 1500 3012 parte
1555 2934 1747 2994 vestri
1808 2936 2270 3013 provenienteS,
2317 2937 2800 2998 decimatoribus
2863 2940 3056 2999 domi-

498 3059 721 3102 norum
767 3040 1146 3102 honorabilis
1194 3041 1447 3119 capituli
1492 3041 1755 3101 ecclesie
1820 3050 2032 3102 nostre
2078 3042 2524 3123 Zagrabiensis
2563 3044 2696 3105 ‘non
2744 3046 3056 3106 deberetis

500 3152 764 3227 solvere,
812 3159 1023 3210 tamen
1069 3149 1215 3227 quia
1262 3148 1380 3226 ipsi
1428 3148 1659 3208 domini
1708 3149 1785 3208 de
1834 3136 2000 3209 dicto
2049 3150 2318 3228 capitulo
2361 3150 2572 3210 literas
2607 3152 2915 3230 quasdam
2964 3172 3057 3212 re-

502 3256 935 3316 verendissimi
982 3256 1044 3314 in
1077 3255 1328 3314 Christo
1375 3256 1568 3333 patris
1601 3256 1833 3315 domini
1864 3257 2213 3317 Eberhardi
2255 3258 2546 3336 episcopi,
2595 3260 3060 3336 predecessoris

509 3371 571 3423 et
616 3364 821 3423 fratris
876 3362 1069 3423 nostri
1132 3362 1436 3422 carissimi
1497 3361 1677 3422 nobis
1740 3371 2122 3441 aportarunt,
2185 3364 2248 3423 in
2309 3364 2532 3444 quibus
2580 3365 2849 3425 vidimus
2897 3368 3064 3427 clare

505 3471 823 3546 contineri,
872 3472 1039 3549 quod
1084 3490 1199 3529 vos
1248 3486 1497 3547 semper
1544 3478 1606 3529 et
1653 3469 1732 3529 ab
1782 3471 2038 3550 antiquo
2086 3472 2326 3532 eisdem
2373 3472 2638 3532 dominis
2679 3473 3062 3533 solucionem

502 3580 857 3640 huiusmodi
905 3578 1289 3638 decimarum
1345 3577 1547 3638 fuistis
1609 3578 1885 3659 obligati,
1950 3599 2215 3658 quarum
2276 3580 2594 3640 literarum
2656 3589 2938 3641 tenorem
2984 3582 3066 3641 ad

498 3687 853 3747 evidentem
910 3686 1219 3746 cautelam
1265 3684 1448 3744 vobis
1511 3686 1905 3762 presentibus
1968 3688 2258 3746 duximus
2307 3689 2385 3748 de
2433 3688 2626 3748 verbo
2675 3690 2754 3749 ad
2804 3689 3064 3748 verbum
3168 3752 3172 3757 ,

500 3794 916 3868 inserendum,
965 3793 1367 3872 ipsarumque
1412 3790 1731 3852 literarum
1778 3801 1958 3853 tenor
2003 3795 2056 3853 is
2105 3804 2232 3854 est:
2282 3796 2362 3871 (V
2376 3794 2510 3855 ide
2557 3796 2723 3855 doc.
2773 3814 2826 3855 a.
2879 3792 3062 3855 1399.

497 3901 599 3961 27.
646 3910 847 3980 sept.
899 3900 1043 3959 sub
1090 3900 1222 3959 No,
1281 3896 1461 3975 159.).
1493 3900 1734 3959 Vestris
1766 3899 1957 3980 igitur
1980 3900 2421 3961 dileccionibus
2454 3901 2615 3961 serie
2664 3903 3059 3980 presencium

500 4004 853 4069 firmissime
900 4007 1277 4085 precipimus
1326 4014 1388 4065 et
1433 4007 1823 4077 mandamuS,
1872 4007 2164 4085 quatinus
2217 4027 2333 4068 vos
2378 4009 2606 4069 habitis
2653 4010 3063 4087 presentibuS,

496 4115 789 4174 ammodo
820 4114 883 4173 in
916 4121 1102 4173 antea
1134 4122 1196 4173 et
1227 4113 1649 4194 imposterum,
1697 4122 1976 4173 vestrum
2023 4114 2298 4174 universi
2347 4116 2779 4176 universaliter
2825 4126 2889 4177 et
2935 4118 3058 4177 sin-

497 4222 627 4301 guli
675 4222 1071 4301 singulariter
1131 4239 1350 4280 omnes
1399 4229 1461 4280 et
1507 4240 1764 4299 quasvis
1804 4222 2106 4281 ‘decimas
2153 4242 2230 4281 ex
2288 4230 2465 4300 parte
2511 4224 2704 4283 vestri
2766 4226 3061 4302 pretactis

498 4329 763 4388 dominis
797 4329 874 4389 de
910 4330 1074 4387 dicto
1100 4329 1369 4406 capitulo
1402 4328 1812 4408 Zagrabiensi
1845 4330 2176 4407 provenire
2209 4330 2548 4405 debendaS,
2581 4332 2753 4390 iuxta
2781 4339 3061 4392 tenorem

500 4436 982 4515 prescriptarum
1044 4437 1360 4496 literarum
1414 4436 1694 4496 annotati
1756 4437 2024 4496 condam
2087 4437 2322 4497 domini
2357 4438 2712 4497 Eberhardi
2769 4440 3062 4518 episcopi,

498 4544 735 4603 eisdem
762 4542 1029 4602 dominis
1078 4551 1185 4603 aut
1231 4542 1717 4603 decimatoribus
1763 4544 2042 4621 ipsorum
2089 4544 2270 4622 plene
2319 4552 2382 4604 et
2416 4545 2658 4625 integre
2700 4563 2776 4605 ac
2824 4548 3061 4625 absque

502 4652 776 4729 qualibet
823 4651 1183 4711 difficultate
1214 4659 1276 4711 et
1306 4651 1647 4711 renitencia
1677 4652 1926 4730 aliquali
1958 4653 2334 4730 persolvere,
2384 4653 2534 4712 dare
2568 4662 2630 4713 et
2658 4653 2920 4714 reddere
2954 4655 3059 4714 de·

503 4758 722 4833 beatiS,
773 4758 1043 4837 alioquin
1078 4758 1313 4817 eisdem
1363 4758 1628 4818 dominis
1677 4765 1741 4817 et
1786 4777 2004 4818 eorum
2052 4758 2535 4819 decimatoribus
2559 4760 2951 4837 presentibus
2999 4769 3061 4820 et

496 4864 719 4927 futuris
766 4866 1189 4929 commisimus
1220 4874 1282 4925 et
1320 4867 1570 4944 plenam
1616 4874 1831 4927 tenore
1864 4866 2258 4944 presencium
2290 4868 2576 4927 dedimus
2607 4868 3057 4941 auctoritatem,

500 4973 667 5050 quod
716 4973 833 5051 ipsi
880 4972 1088 5032 omnia
1136 4991 1230 5046 ea,
1278 4992 1400 5051 que
1449 4974 1509 5032 in
1556 4973 1851 5051 pretactis
1898 4973 2090 5033 literis
2135 4974 2471 5052 pretitulati
2512 4975 2778 5034 condam
2825 4976 3058 5035 domini
