3917 5592
809 417 930 478 178

791 653 942 693 nore
991 631 1384 711 presencium
1449 630 1876 710 significamus
1939 618 2166 709 quibus
2232 630 2484 709 expedit
2542 630 2865 709 universis,
2913 634 3081 710 quod
3128 632 3350 691 nobilis

788 740 1044 801 ‚domina
1106 740 1295 799 Kuna
1359 746 1598 813 vocata,
1649 738 1878 812 relicta,
1941 757 2016 798 ac
2081 737 2358 798 Thomas
2422 746 2485 801 et
2529 738 2884 816 Stephanus
2936 738 3039 799 filii
3085 740 3350 800 condam

691 917 705 938 ι
787 848 1078 909 Iohannis
1127 847 1232 907 filii
1279 846 1559 907 Lectoris
1607 846 1714 907 filii
1760 849 1931 907 Iwan
1981 847 2061 907 de
2106 845 2384 906 Inferiori
2432 847 2841 925 Lompnycha
2874 848 2951 907 ab
3001 868 3143 923 una,
3174 856 3350 927 parte

793 975 942 1016 vero
991 974 1067 1015 ex
1117 955 1314 1015 altera
1361 952 1706 1034 Gregorius
1753 954 1915 1014 filius
1961 952 2254 1014 Damiani
2302 954 2381 1014 de
2429 954 2669 1028 eadem,
2725 972 2937 1014 coram
2984 955 3164 1016 nobis
3211 976 3347 1033 per-

792 1060 1089 1123 sonaliter
1135 1069 1588 1139 comparentes,
1655 1080 1769 1139 per
1831 1061 2089 1122 eosdem
2137 1059 2455 1121 dominam
2511 1061 2762 1120 Kunam
2810 1080 2886 1121 ac
2934 1061 3243 1121 Thomam
3291 1071 3353 1121 et

791 1169 1182 1249 Stephanum
1247 1168 1602 1229 confessum
1668 1166 1868 1228 extitit
1923 1168 2157 1245 pariter
2225 1174 2287 1227 et
2334 1168 2614 1241 relatum,
2664 1169 2835 1247 quod
2880 1168 3027 1247 quia
3073 1168 3349 1248 prefatus

795 1261 1140 1357 Gregorius
1187 1276 1350 1336 filius
1411 1274 1701 1337 Damiani
1764 1274 2094 1347 homicida,
2158 1274 2263 1353 qui
2312 1275 2581 1335 eundem
2626 1275 2969 1335 Iohannem
3024 1276 3353 1354 dyabolica

789 1385 1010 1445 fraude
1071 1384 1422 1463 instigatuS,
1489 1382 1645 1444 alias
1711 1382 1945 1441 crudeli
2016 1400 2171 1442 nece
2218 1381 2651 1456 interemisset,
2698 1401 2813 1459 pro
2860 1383 3112 1463 omagio
3160 1383 3352 1462 ipsius

789 1490 1078 1551 Iohannis
1149 1490 1298 1569 ipsis
1369 1489 1618 1550 domine
1679 1488 1866 1548 Kuna
1933 1508 2007 1549 ac
2070 1488 2311 1548 Thome
2383 1497 2445 1548 et
2490 1489 2811 1568 Stephano
2880 1489 3020 1550 filiis
3066 1490 3351 1551 eiusdem

790 1597 1111 1671 interfecti,
1182 1616 1258 1657 ex
1322 1596 1490 1655 bona
1549 1594 1948 1656 ordinacione
2013 1594 2349 1674 proborum
2418 1604 2481 1655 et
2544 1595 2843 1656 nobilium
2908 1596 3195 1671 virorum,
3242 1616 3354 1676 per

789 1713 999 1785 partes
1048 1705 1402 1777 electorum,
1449 1702 1621 1763 iuxta
1667 1702 1985 1780 provincie
2034 1701 2329 1762 nobilium
2378 1702 2814 1763 castrensium·
2838 1703 3355 1764 consvetudinem

791 1814 870 1873 ab
933 1811 1187 1889 antiquo
1255 1810 1683 1888 approbatam,
1753 1818 2039 1888 pretextu
2106 1818 2167 1870 et
2230 1809 2481 1870 racione
2524 1809 2717 1869 -necis
2782 1808 3081 1885 eiusdem,
3130 1811 3349 1891 viginti

788 1918 1058 1999 quinque
1125 1936 1369 1977 marcas
1428 1915 1826 1977 denariorum
1873 1916 2195 1996 regalium,
2244 1935 2409 1975 nunc
2456 1916 2863 1991 currencium,
2911 1916 3190 1996 plenarie
3239 1919 3344 1979 de-

791 2027 984 2087 disset
1032 2034 1093 2085 et
1140 2024 1527 2104 integraliter
1573 2022 1995 2102 persoluisset,
2042 2042 2254 2099 ymmo
2302 2023 2601 2102 persoluit
2653 2024 2848 2083 nostri
2894 2024 2957 2083 in
3004 2024 3347 2103 presencia,

789 2134 929 2194 ideo
973 2132 1093 2211 ipsi
1141 2133 1410 2193 eundem
1457 2130 1840 2211 Gregorium
1885 2137 1951 2190 et
1996 2147 2503 2209 perconsequens
2553 2129 2937 2190 Anthonium
2985 2128 3047 2190 e‘t
3087 2132 3353 2191 Paulum

789 2242 1012 2301 fratres
1091 2239 1288 2317 ipsius
1374 2237 1664 2319 Gregorii
1743 2236 2022 2297 uterinos
2084 2236 2537 2315 universosque
2598 2237 2912 2316 proximos
2978 2238 3246 2299 heredes
3294 2246 3357 2299 et

793 2348 1296 2428 consangvineos
1343 2345 1556 2424 ipsiu8‚
1607 2364 1796 2423 super
1841 2344 2150 2422 premissa
2195 2344 2475 2423 plenaria
2523 2352 2587 2404 et
2630 2345 2990 2406 omnimoda
3036 2345 3354 2406 solucione

792 2465 855 2517 et
911 2454 1346 2516 satisfaccione
1413 2451 1606 2531 ipsius
1675 2452 1909 2532 omagii
1957 2451 2402 2512 commiserunt
2448 2452 2583 2513 sore
2628 2452 2968 2531 expeditos,
3016 2454 3247 2533 quittos
3296 2464 3358 2515 et

792 2563 992 2623 modis
1040 2562 1328 2623 omnibus
1377 2560 1714 2621 absolutos
1759 2560 2023 2639 insuper
2070 2560 2290 2621 eedem
2336 2567 2548 2638 partes
2596 2579 2665 2621 se
2714 2580 2927 2621 coram
2974 2562 3153 2622 nobis
3201 2562 3351 2622 obli-

791 2678 1035 2752 garunt,
1083 2676 1166 2743 ut,
1199 2669 1252 2730 si
1299 2688 1422 2749 qua
1473 2669 1814 2729 earundem
1861 2668 2143 2747 parcium
2190 2687 2508 2748 quoquam
2555 2676 2835 2747 tempore
2879 2669 2941 2729 in
2974 2669 3353 2733 contrarium

791 2778 1186 2859 presencium
1249 2778 1592 2838 litterarum
1653 2784 2009 2837 nostrarum
2075 2784 2293 2839 contra
2354 2796 2495 2837 sese
2564 2776 2833 2837 invicem
2904 2778 3351 2839 contenderent

789 2895 898 2948 aut
943 2885 1306 2959 rixarentur,
1357 2885 1456 2945 vel
1503 2902 1629 2944 una
1675 2902 1822 2963 pars
1851 2902 2041 2963 super
2074 2884 2335 2945 alteram
2366 2902 2481 2961 pro
2511 2902 2667 2944 nece
2696 2903 2809 2944 seu
2842 2884 3348 2963 interi-empcione,

789 2993 1012 3073 prefati
1057 2992 1350 3053 Iohannis
1399 3010 1591 3051 manu
1639 2998 1882 3051 armata
1950 2990 2216 3051 irrueret
2262 3010 2374 3051 seu
2420 3009 2534 3069 per
2581 2990 2769 3050 alium
2816 2989 2963 3051 irrui
3010 2990 3245 3051 faceret
3290 2998 3355 3053 et

789 3100 1125 3180 superinde
1191 3094 1420 3159 merat¹
1487 3106 1804 3159 constaret
1875 3097 2182 3159 certitudo
2250 3097 2547 3173 veritati3‚
2607 3117 2751 3157 mox
2817 3097 2957 3158 talis
3028 3117 3175 3176 pars
3246 3118 3355 3159 rea

794 3216 1010 3269 contra
1056 3215 1300 3287 partem
1348 3206 1612 3267 alteram
1657 3205 2072 3280 innocentem,
2142 3204 2205 3264 in
2252 3204 2473 3285 viginti
2520 3204 2793 3283 quinque
2840 3205 3067 3265 marcis
3114 3205 3355 3266 denari-

791 3336 986 3391 orum,
1035 3317 1214 3377 salva
1259 3314 1478 3375 iudicis
1521 3313 1834 3392 porcione,
1883 3321 2028 3373 ante
2074 3312 2195 3373 litis
2242 3312 2599 3393 ingressum
2647 3312 3159 3391 deponendorum
3207 3331 3350 3373 con-

791 3424 1192 3502 vinc[ere]tur
1253 3422 1390 3501 ipso
1449 3420 1634 3482 facto,
1704 3421 1774 3480 In
1821 3420 1997 3480 cuius
2046 3420 2135 3480 rei
2182 3418 2605 3479 testimonium
2657 3428 2721 3482 et
2749 3420 2937 3479 robur
2967 3428 3354 3499 perpetuum,

789 3540 1114 3611 presentes
1183 3530 1420 3591 litteras
1504 3528 1850 3609 sigillorum
1934 3535 2289 3588 nostrorum
2366 3525 2853 3605 appensionibus
2917 3528 3351 3601 communitaS,

791 3640 1028 3700 eisdem
1076 3636 1385 3717 Gregorio
1433 3643 1496 3697 et
1541 3635 1670 3696 suis
1716 3612 2028 3709 fratribus,
2060 3634 2395 3695 heredibus
2438 3642 2503 3693 et
2532 3633 3015 3713 consangvineis
3064 3633 3354 3695 duximus

793 3746 1245 3807 concedendas,
1338 3744 1572 3803 Datum
1635 3741 1967 3822 Zagrabie‚
2030 3740 2188 3801 feria
2248 3741 2529 3801 secunda
2590 3740 2873 3819 proxima
2930 3748 3074 3800 ante
3123 3740 3347 3800 festum

791 3854 958 3914 beati
1026 3850 1356 3925 Valentini,
1428 3869 1592 3911 anno
1663 3847 1896 3911 domini
1966 3848 2294 3909 millesimo
2355 3846 2973 3929 quadringentesimo
3040 3847 3347 3929 vigesimo

793 3960 1011 4039 prim0.

1007 4097 1290 4168 originale
1331 4100 1776 4155 membraneum.
1839 4097 1996 4151 Duae
2035 4110 2215 4150 zonae
2268 4094 2516 4149 sericeas
2554 4093 2751 4148 viridis
2791 4092 2999 4148 coloris
3036 4092 3358 4162 appendent

792 4190 1006 4259 absque
1045 4188 1257 4257 sigillis.
1299 4188 1466 4257 Apud
1501 4186 1752 4243 nobilem
1789 4184 2037 4241 Marcum
2078 4186 2336 4240 Arbanas
2375 4184 2433 4239 in
2471 4184 2633 4239 Inter.
2674 4181 2946 4239 homnica
2980 4182 3084 4239 No.
3122 4182 3211 4238 89.

773 4293 1222 4335 4*-

1015 4367 1030 4397 ¹
1068 4367 1166 4428 sic.
1207 4366 1432 4439 (mera).
