3917 5592
2981 446 3067 509 63

511 663 810 725 sciscitari
857 685 983 725 non
1030 683 1381 744 possumuS,
1428 684 1548 725 nec
1589 664 1825 725 eisdem
1873 668 2265 744 perpetuare,
2315 664 2454 725 ideo
2485 672 2761 724 vestram
2806 664 3074 743 petimus

516 770 863 832 amiciciam
909 772 1305 850 presentibus
1354 772 1704 853 diligenter,
1772 781 2083 851 quatenus
2131 781 2410 833 vestrum
2457 772 2713 832 mittatis
2760 772 3074 833 hominem

510 900 621 959 pro
668 881 1024 942 testimonio
1072 880 1478 960 fidedignum,
1544 900 1669 959 quo
1718 889 2011 959 presente
2074 882 2247 941 Iwan
2295 882 2458 941 filius
2519 881 2693 940 Iwan
2741 888 2848 940 aut
2904 882 3077 941 Iwan

510 988 667 1048 filius
713 989 983 1069 Bogdan
1031 990 1226 1048 altero
1276 989 1554 1063 absente,
1586 989 1775 1049 homo
1823 997 2037 1049 noster
2085 990 2165 1049 ad
2211 988 2404 1049 facies
2453 988 2758 1048 dictarum
2805 988 3074 1066 particu-

508 1096 707 1157 larum
774 1105 941 1157 terre
990 1097 1365 1171 accedend0‚
1438 1096 1799 1157 conuocatis
1846 1097 1978 1157 suis
2043 1096 2264 1157 vicinis
2329 1104 2392 1155 et
2450 1097 2896 1156 commetaneis
2942 1096 3073 1156 vni-

510 1203 706 1263 uersis
737 1204 1259 1282 presentibusque
1308 1204 1652 1263 eorundem
1683 1202 2134 1265 reambulando
2167 1202 2508 1282 premissas
2541 1202 2878 1281 particulas
2908 1211 3072 1263 terre

511 1319 572 1371 et
618 1330 759 1370 cum
820 1311 1005 1371 certis
1054 1310 1251 1391 signis
1310 1310 1642 1371 metalibus
1690 1309 1769 1371 ab
1820 1311 2084 1371 aliorum
2141 1309 2645 1389 possessionibus
2699 1310 3073 1388 separandO,

509 1416 919 1495 quantitatem
980 1424 1044 1477 et
1104 1418 1469 1497 qualitatem
1530 1417 2041 1485 certitudinaliter
2089 1418 2446 1493 reuidendo‚
2518 1418 2832 1497 quomodo
2898 1416 3074 1477 vobis

509 1543 620 1602 per
668 1526 923 1585 eosdem
970 1524 1205 1585 veritas
1254 1525 1613 1600 constiterit,
1662 1534 1805 1603 post
1850 1527 1970 1585 hec
2015 1524 2194 1585 nobis
2245 1524 2652 1586 amicabiliter
2698 1524 3074 1598 rescribatiS,

511 1633 734 1712 quibus
782 1633 932 1693 visis
978 1634 1217 1694 litteras
1265 1643 1513 1695 nostras
1560 1635 1957 1713 perpetuales
1989 1634 2228 1694 eisdem
2275 1634 2352 1693 de
2399 1633 2720 1711 premissis
2768 1633 2919 1694 dare
2968 1652 3074 1693 va-

510 1740 765 1801 leamus.
814 1742 1046 1801 Datum
1093 1741 1425 1822 Zagrabie,
1473 1741 1631 1801 feria
1677 1749 1856 1802 sexta
1900 1742 2187 1820 proxima
2218 1747 2362 1801 ante
2409 1748 2670 1801 octauas
2719 1740 2859 1800 festi
2907 1741 3066 1801 Pen-

506 1848 836 1922 thecosteS,
888 1866 1054 1908 anno
1104 1848 1339 1908 domini
1388 1842 1893 1909 M⁰.CCC⁰.XL⁰.
1940 1867 2125 1908 none.
2338 1825 2344 1833 ’

714 1988 793 2041 Ex
852 1986 1193 2042 authenticis
1249 1987 1551 2042 metalibus
1608 1986 1839 2057 capituli
1892 1986 2286 2055 Zagrabiensis
2343 2002 2391 2041 a.
2434 1985 2588 2041 1349.
2647 1986 2731 2042 19.
2771 1985 2928 2040 iunii.
3005 1987 3065 2041 Iu

502 2075 737 2131 archivo
775 2076 1107 2131 communit.
1145 2078 1275 2131 nob.
1316 2077 1385 2131 de
1424 2076 1747 2147 Turopolje.
1788 2075 1968 2155 Copia
2004 2076 2246 2145 simplex
2285 2076 2499 2131 saeculi
2536 2075 2674 2155 XVI.
2732 2075 2791 2129 in
2831 2076 3064 2130 archivo

499 2164 653 2245 regni
716 2166 1050 2236 Hungariae,
1112 2166 1516 2236 Budapestini:
1583 2166 1652 2221 M.
1716 2164 1782 2221 Ο.
1843 2167 1907 2221 D.
1969 2166 2026 2219 L.
2088 2165 2282 2235 33589,
2347 2166 2482 2251 olim
2545 2165 2610 2223 N.
2676 2165 2738 2240 R:
2805 2166 2868 2220 A.
2933 2166 3068 2220 fasc.

504 2254 657 2309 1509.
698 2254 802 2311 Νο.
838 2257 888 2309 8.
2305 2262 2313 2269 ’

724 2433 737 2461 ⁸
776 2433 855 2487 sic
901 2434 1037 2503 (litis
1076 2434 1341 2489 materias
1364 2434 1432 2505 ?).

1712 2666 1857 2738 03.

718 2868 901 2928 Anno
959 2867 1141 2929 1349.
1200 2870 1293 2931 15.
1343 2871 1507 2930 iunii.
1556 2854 1930 2953 Zagrabiae.

505 3062 759 3126 Coram
832 3062 1247 3127 Leustachio
1316 3013 1586 3127 bicario
1656 3064 1881 3128 tocius
1952 3063 2388 3141 Sclauom'ae,
2462 3062 2807 3129 Iohannes
2866 3064 3077 3150 filius

509 3166 803 3254 Georgii
850 3169 932 3233 de
982 3169 1259 3254 Camp0,
1330 3170 1393 3235 T
1388 3170 1667 3235 homam
1719 3171 1966 3255 filium
2029 3171 2297 3236 Petrws
2341 3192 2385 3235 a
2430 3172 2828 3237 venditione
2891 3175 3072 3238 terre

870 3290 877 3295 ·
975 3277 1205 3361 ipsius
1252 3278 1331 3343 in
1378 3278 1787 3363 Rakytowch
1835 3280 2215 3357 existentis,
2255 3276 2588 3363 prohibet.

714 3476 848 3535 Nos
894 3477 1308 3537 Leusthacius
1372 3477 1641 3537 vicarius
1690 3479 1889 3539 tocius
1954 3480 2136 3560 regni
2181 3479 2514 3539 Sclauonie
2577 3480 2890 3560 generalis
2955 3500 3068 3559 per

499 3584 819 3643 dominum
865 3584 1256 3645 Lodouicum
1320 3585 1423 3645 dei
1468 3586 1687 3665 gracia
1732 3606 1950 3667 regem
1998 3587 2328 3668 Hungarie
2385 3588 2718 3666 deputatus
2767 3589 3066 3650 memorie

498 3692 1029 3767 commendamus,
1100 3693 1268 3773 quod
1338 3694 1647 3754 Iohannes
1710 3694 1871 3755 filius
1934 3695 2194 3776 Georgii
2255 3696 2334 3755 de
2383 3696 2628 3774 Campo
2694 3696 2756 3756 in
2816 3717 2932 3757 sua
2991 3717 3066 3757 ac

495 3799 816 3879 Stephani,
864 3800 1126 3881 Georgii
1174 3809 1237 3862 et
1280 3802 1455 3861 Iwan
1498 3802 1760 3862 fratrum
1809 3822 2066 3863 suorum
2097 3804 2382 3882 personis
2432 3805 2512 3864 ad
2560 3811 2838 3863 nostram
2887 3824 3063 3865 acce-

497 3908 703 3969 dendo
750 3909 1141 3986 presenciam
1188 3909 1369 3970 nobis
1416 3928 1530 3988 per
1577 3911 1829 3970 modum
1878 3910 2356 3989 protestacionis
2403 3911 2759 3993 significare
2807 3912 3063 3991 curauit,

496 4016 665 4095 quod
711 4016 991 4077 Thomas
1036 4017 1199 4077 filius
1246 4018 1489 4077 Petrws
1538 4019 1615 4077 de
1666 4019 1905 4091 eodem,
1954 4019 2272 4097 quandam
2316 4019 2878 4098 possessionariam
2923 4040 3064 4099 por·

494 4125 738 4184 cionem
786 4143 968 4185 suam
1014 4126 1093 4184 in·
1124 4126 1527 4202 Rakytowch‚
1576 4146 1760 4187 secus
1805 4126 2074 4186 riuulum
2121 4125 2395 4203 Obdyna
2425 4136 2720 4188 vocatum
2765 4128 3060 4203 habitam,

494 4232 871 4311 quibusdam
917 4232 1053 4293 aliis
1101 4235 1375 4293 vendere
1424 4234 1739 4309 niteretur,
1788 4253 1909 4312 que
1955 4244 2168 4294 tamen
2211 4235 2460 4295 racione
2509 4236 2800 4316 contigue
2849 4236 3060 4297 vicini-

494 4339 637 4400 tatis
686 4348 747 4399 et
794 4341 1353 4401 commetaneitatis
1401 4342 1605 4421 magis
1638 4342 1789 4419 ipsis
1837 4361 2028 4420 quam
2058 4341 2210 4417 aliis,
2260 4344 2604 4403 secundum
2651 4344 2833 4403 huius
2879 4345 3062 4424 regni

494 4447 1025 4522 consuetudinem,
1099 4450 1183 4509 ad
1244 4449 1577 4509 emendum
1638 4450 1740 4509 vel
1806 4430 1920 4527 pro
1990 4449 2256 4529 pignore
2321 4451 2748 4529 recipiendum
2810 4459 2872 4511 et
2937 4452 3057 4511 alio

494 4554 717 4635 quouis
749 4556 937 4614 modo
968 4555 1050 4615 ad
1080 4555 1439 4616 habendum
1488 4564 1885 4635 competeret,
1935 4558 2100 4618 vnde
2149 4558 2318 4618 facta
2348 4559 2705 4619 huiusmodi⁴
2748 4568 3052 4637 protesta-

496 4662 689 4736 cione,
738 4661 905 4722 idem
937 4663 1245 4724 Iohannes
1294 4683 1408 4724 suo
1444 4664 1703 4744 viceque
1740 4673 1803 4725 et
1828 4665 2080 4725 nomine
2129 4665 2431 4725 dictorum
2481 4665 2738 4725 fratrum
2786 4687 3059 4743 suorum,

492 4770 799 4848 prefatum
846 4770 1156 4831 Thomam
1201 4772 1395 4831 filium
1428 4772 1667 4832 Petrws
1716 4792 1754 4832 a
1802 4773 2188 4847 vendicione,
2217 4774 2753 4853 impignoracione
2802 4784 2864 4835 et
2911 4775 3057 4836 alie-

488 4878 751 4939 nacione
823 4878 1100 4957 qualibet
1167 4880 1363 4958 ipsius
1432 4882 1927 4959 possessionarie
1997 4882 2308 4961 porcionis
2382 4882 2514 4941 aliis
2585 4884 3056 4963 quibuscunque

489 5006 737 5072 quoquo
791 4986 979 5049 modo
1025 4986 1193 5053 facta
1242 4989 1341 5053 vel
1384 4988 1689 5068 facienda,
1737 4998 1800 5053 et
1847 4990 2000 5053 alios
2062 4990 2371 5073 quoslibet
2419 4990 2496 5065 ab
2547 4992 2888 5075 empcione,
2937 5012 3050 5077 pro
