3917 5592
2988 442 3074 507 45

515 661 809 736 Ladislai,
841 659 1116 721 Martino
1149 667 1212 721 et
1243 660 1552 737 LadislaO,
1585 660 1849 719 Nicolao
1879 660 2173 720 fratribus
2207 658 2488 720 eiusdem
2520 660 2689 720 Abre
2724 668 2786 721 et
2816 660 3075 721 Nicolao

507 772 633 831 filio
681 770 960 831 eiusdem
991 769 1180 844 Abte,
1227 769 1548 848 quandam
1579 766 2047 847 possessionem
2093 767 2317 845 Chehy
2364 775 2657 829 vocatam
2686 768 2748 827 in
2778 746 3073 828 comitatu

509 876 920 958 Zagrabiensi
967 877 1352 951 existentem,
1399 883 1583 955 prout
1628 895 1743 955 per
1772 875 2013 954 priores
2060 884 2308 935 nostras
2354 876 2565 937 literas
2614 875 2816 955 sigillo
2864 882 3078 935 nostro

509 986 574 1045 in
621 992 788 1045 terra
831 981 1219 1061 transalpina
1264 981 1588 1061 deperdito
1621 982 2019 1055 duxeramu3‚
2067 980 2158 1041 sic
2205 991 2267 1042 et
2312 1002 2479 1043 nunc
2526 982 2885 1043 duxerimus
2934 1000 3077 1041 con-

510 1093 872 1153 ferendam:
935 1090 1126 1173 igitur
1173 1099 1378 1151 vestre
1425 1090 1707 1150 fidelitati
1754 1090 1915 1150 sicut
1961 1110 2077 1170 per
2123 1092 2381 1151 easdem
2426 1093 2512 1153 ita
2560 1101 2622 1153 et
2669 1110 2835 1151 nunc
2882 1091 3079 1170 preci·

507 1202 749 1280 pientes
796 1202 1022 1261 damus
1069 1200 1134 1259 in
1179 1198 1511 1274 mandatis,
1583 1205 1892 1279 quatenus
1938 1206 2220 1259 vestrum
2282 1200 2537 1261 mittatis
2582 1199 2901 1261 hominem
2966 1218 3079 1277 pro

511 1306 863 1369 testimonio
910 1306 1314 1387 fidedignum,
1363 1326 1488 1385 quo
1519 1314 1810 1383 presente
1858 1307 2155 1383 Mychael
2186 1306 2347 1367 filius
2396 1308 2645 1383 Paulus,
2694 1308 2795 1367 vel
2826 1308 3079 1367 Eretlen

508 1417 586 1477 de
650 1415 968 1489 Morocha,
1041 1415 1236 1475 altero
1285 1414 1563 1488 absente,
1613 1414 1802 1475 homo
1873 1422 2103 1489 noster,
2176 1414 2521 1492 predictam
2593 1414 3076 1494 possessionem,

509 1523 854 1585 vicinorum
899 1532 962 1583 et
1007 1530 1584 1583 commetaneorum
1629 1540 1886 1585 suorum
1935 1522 2423 1602 circumquaque
2470 1522 2876 1583 existencium
2921 1522 3075 1603 legi·

509 1631 674 1692 timis
713 1631 1282 1691 conuocacionibus
1313 1630 1560 1705 habitis,
1607 1649 1720 1709 per
1751 1639 2001 1690 veteres
2050 1639 2251 1690 metas
2285 1640 2348 1690 et
2377 1630 2665 1710 antiquas
2713 1630 3075 1705 reambulet,

511 1740 614 1800 vbi
644 1759 907 1800 necesse
954 1739 1141 1800 fuerit
1169 1758 1372 1799 nouas
1411 1747 1613 1798 metas
1645 1739 1818 1799 iuxta
1862 1746 2111 1798 veteres
2145 1740 2463 1819 erigendo,
2497 1739 3077 1819 reambulatamque

511 1854 746 1907 statuat
790 1846 941 1925 ipsis
987 1846 1128 1907 filiis
1177 1846 1452 1907 Ladislai
1500 1854 1562 1906 et
1608 1846 1869 1907 Nicolao
1933 1845 2061 1907 filio
2107 1845 2281 1907 Abra
2330 1847 2383 1906 si
2428 1865 2555 1907 non
2601 1846 2786 1907 fuerit
2833 1855 3075 1907 contra-

512 1955 762 2030 dictum,
834 1953 1392 2015 contradictoribus
1463 1963 1690 2029 autem,
1763 1953 1818 2013 si
1887 1954 1993 2033 qui
2062 1952 2306 2029 fuerint,
2378 1962 2597 2015 contra
2667 1954 2926 2015 eosdem
2996 1956 3077 2015 ad

507 2071 786 2123 nostram
833 2060 1224 2141 presenciam
1272 2060 1550 2142 legitime
1598 2060 1896 2135 euocatis,
1965 2062 2045 2121 ad
2092 2060 2427 2121 terminum
2473 2068 2949 2140 competentem,
3016 2069 3080 2121 et

504 2179 646 2250 post
689 2169 810 2230 hec
855 2169 1022 2229 diem
1090 2168 1411 2230 citacionis
1460 2176 1524 2228 et
1567 2167 1906 2228 terminum
1970 2187 2113 2229 cum
2159 2169 2359 2230 tocius
2406 2169 2554 2229 facti
2608 2168 2769 2229 serie
2817 2188 2893 2229 ac
2940 2189 3075 2230 cur-

505 2278 676 2338 sibus
711 2287 1020 2339 metarum
1053 2277 1232 2340 nobis
1277 2276 1544 2338 fideliter
1575 2276 1947 2337 rescribatis.
1998 2278 2230 2337 Datum
2260 2277 2324 2338 in
2356 2278 2719 2359 vissegrad,
2763 2277 3075 2338 dominico

509 2387 608 2447 die
654 2386 936 2465 proximo
1005 2394 1148 2465 post
1191 2384 1422 2445 festum
1495 2384 1665 2446 beati
1709 2385 1971 2466 Georgii
2018 2386 2325 2463 martyriS,
2394 2405 2557 2447 anno
2605 2383 2839 2446 domini
2884 2385 3074 2445 mille-

509 2494 666 2555 simo
714 2488 1165 2555 CCC⁰.XXX⁰.
1213 2492 1431 2573 prim0.

721 2633 764 2687 E
797 2633 1078 2688 relatoriis
1116 2632 1347 2702 capituli
1404 2634 1536 2687 eccl.
1574 2634 1969 2703 Zagrabiensis
2025 2648 2075 2689 a.
2116 2632 2271 2687 1331.
2332 2634 2416 2688 20.
2456 2633 2615 2702 iunii,
2670 2648 2773 2703 per
2808 2630 3075 2687 Karolum

508 2738 694 2791 regem
734 2738 783 2777 a.
824 2722 980 2778 1331.
1015 2723 1066 2777 6.
1107 2722 1371 2793 octobriS,
1429 2722 1632 2777 deinde
1669 2739 1770 2792 per
1807 2722 2159 2778 Lodovicum
2198 2738 2385 2791 regem
2437 2738 2485 2777 a.
2526 2721 2683 2778 1342.
2721 2722 2771 2777 9.
2812 2721 3075 2790 octobr-ie,

509 2815 566 2867 et
602 2812 844 2881 denique
874 2828 976 2882 per
1012 2812 1258 2868 eundem
1293 2829 1482 2882 regem
1521 2828 1571 2868 a.
1614 2810 1770 2871 1354.
1810 2812 1897 2867 29.
1937 2811 2273 2883 septembris
2311 2810 2675 2869 confir-matie.
2740 2812 2797 2865 ln
2836 2811 3070 2867 archivo

508 2901 780 2957 comitum
817 2901 1128 2959 Drafikovie
1164 2902 1224 2957 in
1262 2918 1391 2958 arce
1429 2902 1772 2959 Trakoscan.

1712 3189 1863 3259 45.

725 3390 910 3450 Anno
967 3386 1152 3450 1331.
1202 3386 1304 3450 20.
1352 3388 1520 3449 iunii.

514 3584 918 3670 Capitulum
987 3584 1308 3650 ecclesiae
1352 3583 1870 3671 ZagrabiensiS,
1938 3584 2201 3649 Karolo
2247 3584 2670 3669 Hungariae
2714 3588 2832 3649 ete.
2904 3584 3076 3668 regi,

507 3694 588 3759 de
626 3694 933 3779 peractis
979 3692 1524 3758 reambulatione
1568 3697 1633 3758 et
1679 3693 2061 3757 statutione
2122 3693 2589 3777 possessionis
2642 3691 2867 3778 Chehy
2912 3691 3074 3778 fra-

1240 3798 1468 3865 tribus
1512 3804 1576 3866 et
1611 3800 1774 3885 filio
1822 3800 2066 3878 Abra-25
2115 3800 2346 3886 refert.

718 4004 1253 4064 Excellentissimo
1323 4002 1584 4080 principi
1631 4002 1883 4061 domino
1957 4002 2191 4062 Karolo
2240 4002 2339 4061 dei
2386 4001 2605 4081 gracia
2665 4001 2883 4061 illustri
2938 4002 3073 4081 regi

507 4111 832 4191 Hungarie
903 4112 1154 4172 domino
1204 4129 1421 4171 eorum
1468 4110 1834 4183 reuerendO,
1907 4110 2248 4189 capitulum
2295 4109 2556 4170 ecclesie
2629 4108 3074 4189 Zagrabiensis

505 4218 830 4278 oraciones
877 4237 990 4298 pro
1038 4238 1112 4278 eo
1162 4219 1242 4278 ad
1291 4217 1608 4277 dominum
1656 4216 1900 4276 debitas
1949 4224 2013 4277 et
2059 4218 2337 4277 deuotaS.
2432 4217 2675 4277 Literas
2724 4216 3067 4276 maiestatis

507 4333 712 4385 vestre
761 4325 940 4385 nobis
972 4325 1316 4385 destinatas
1367 4324 1715 4402 recepimus
1747 4324 1811 4384 in
1842 4323 1962 4384 hec
1993 4324 2220 4384 verba:
2272 4326 2351 4400 (V
2370 4325 2499 4384 ide
2546 4345 2587 4403 p
2607 4344 2637 4383 t
2657 4344 2743 4383 ae
2766 4344 2849 4383 ce
2872 4324 2911 4381 d
2935 4342 2968 4382 e
2988 4343 3073 4382 ns

506 4434 665 4493 doc.
715 4452 770 4492 a.
813 4430 996 4491 1331.
1047 4430 1148 4492 28.
1198 4432 1488 4510 aprilis
1537 4432 1674 4491 sub
1724 4432 1839 4489 No.
1873 4430 2021 4507 44).
2070 4432 2203 4492 Nos
2246 4440 2455 4491 autem
2502 4430 2813 4491 mandatis
2846 4428 3071 4489 vestris

503 4539 818 4599 humiliter
844 4539 1368 4618 obtemperanteS,
1417 4558 1559 4599 cum
1586 4538 1866 4617 predicto
1913 4538 2246 4614 Mychaele
2270 4539 2519 4598 homine
2568 4546 2797 4609 vestr0,
2844 4537 3065 4595 Iohan-

503 4668 647 4708 nem
694 4648 1107 4720 sacerdotem,
1154 4646 1636 4726 prebendarium
1684 4646 1854 4706 chori
1904 4645 2167 4706 ecclesie
2207 4654 2416 4705 nostre
2467 4646 2549 4705 ad
2594 4645 2900 4723 premissa
2954 4664 3068 4723 pro

499 4754 856 4815 testimonio
905 4754 1196 4814 duximus
1243 4754 1803 4829 transmittendum,
1867 4754 1972 4833 qui
2022 4754 2273 4813 demum
2320 4754 2401 4813 ad
2446 4772 2562 4812 nos
2610 4752 2842 4830 pariter
2889 4753 3065 4813 rede-

499 4869 681 4923 untes
729 4862 910 4923 nobis
960 4861 1317 4935 recitarunt,
1381 4862 1548 4939 quod
1595 4862 1760 4921 idem
1807 4860 1997 4920 homo
2044 4869 2254 4920 vester
2299 4867 2588 4937 presente
2636 4859 2773 4937 ipso
2822 4859 3071 4918 homine

499 4981 728 5049 nostro,
780 4972 1126 5055 predictam
1179 4969 1648 5053 possessionem
1695 4970 1937 5052 Chehy‚
2010 4968 2369 5031 conuocatis
2418 4967 2636 5031 vicinis
2686 4974 2748 5031 et
2796 4986 3064 5032 comme-
