3917 5592
741 394 871 456 396

1912 605 2124 677 326.

951 824 1136 884 Anno
1194 821 1377 884 1460.
1436 821 1529 883 18.
1579 823 1706 884 iulii
1750 824 2123 904 Zagrabiae.

744 1035 1145 1121 Capitulum
1193 1036 1513 1101 ecclesiae
1560 1036 1701 1121 Zag
1710 1033 2072 1111 rabiensiS,
2123 1034 2149 1098 l
2154 1035 2367 1099 iteras
2414 1033 2791 1120 Bogawecz
2842 1033 3302 1121 Mylakowycz

740 1143 1021 1208 comitis
1072 1141 1320 1228 Campi
1389 1143 1885 1228 Zagrabiensis
1931 1163 2008 1207 ac
2055 1142 2393 1208 Iohannis
2450 1143 2752 1229 [agnych
2814 1145 3091 1209 comitis
3139 1148 3299 1212 terr.

738 1250 1044 1315 eiusdem
1084 1249 1351 1335 Campi,
1379 1272 1439 1314 a.
1473 1265 1646 1332 1457.
1681 1266 1778 1315 21.
1821 1271 1969 1315 nov.
2002 1255 2215 1335 super
2239 1251 2621 1315 statutione
2654 1251 2978 1316 Dionisii
3012 1250 3301 1336 Myxych

739 1358 820 1422 de
844 1357 981 1442 Ins.
1012 1357 1408 1437 Lukawecz‚
1434 1359 1511 1422 in
1530 1359 2001 1443 possessiones
2024 1358 2183 1443 Bog·
2198 1361 2262 1422 et
2280 1357 2891 1442 Rakythowyczam
2920 1361 3298 1436 emanata&

1821 1466 2224 1529 transumit.

953 1684 1087 1742 Nos
1121 1682 1456 1761 capitulum
1505 1681 1767 1742 ecclesie
1814 1681 2262 1762 Zagrabiensis
2310 1683 2607 1744 memorie
2640 1683 3153 1744 commendamus
3184 1702 3299 1761 per

740 1799 1082 1868 presentes,
1131 1790 1299 1869 quod
1345 1789 1648 1849 discretus
1698 1789 1792 1848 vir
1837 1789 2126 1849 dominus
2174 1790 2489 1850 Fabianus
2536 1791 2858 1870 presbiter,
2922 1791 3082 1851 filius
3132 1791 3297 1867 Dyo-

738 1897 879 1957 nisii
925 1898 1003 1958 de
1067 1899 1418 1958 Lokawecz
1485 1897 1546 1956 in
1594 1915 1727 1970 sua,
1794 1916 1910 1956 nec
1984 1915 2108 1956 non
2168 1897 2507 1972 Benedicti,
2564 1899 2789 1972 Iacobi,
2844 1898 3188 1959 Clementis
3238 1906 3301 1958 et

738 1981 907 2066 Petri
951 2005 1213 2066 fratrum
1259 2025 1514 2066 suorum
1560 2005 1863 2084 personiS,
1911 2013 2191 2066 nostram
2237 2007 2653 2084 personaliter
2692 2007 3001 2067 veniendo
3049 2005 3111 2065 in
3158 2025 3295 2083 pre-

739 2113 1031 2189 senciam,
1081 2114 1356 2174 exhibuit
1404 2122 1466 2174 et
1511 2113 1895 2192 presentavit
1941 2113 2121 2176 nobis
2155 2114 2461 2192 quasdam
2509 2114 2720 2174 literas
2751 2122 3038 2192 patentes
3085 2114 3296 2193 Boga-

737 2241 911 2282 wecz
959 2222 1405 2299 Mylakowych
1452 2221 1614 2296 dicti,
1664 2221 1818 2281 alias
1867 2221 2188 2281 castellani
2235 2222 2423 2281 castri
2472 2222 2767 2282 Medwed
2812 2221 3021 2282 vocati
3085 2229 3147 2280 et
3192 2239 3295 2280 co-

738 2329 902 2388 mitis
951 2328 1178 2407 Campi
1238 2328 1702 2408 ZagrabiensiS,
1767 2347 1884 2388 nec
1930 2349 2056 2388 non
2121 2328 2413 2388 Iohannis
2476 2330 2582 2388 filii
2645 2330 2911 2390 condam
2972 2327 3296 2389 Benedicti

735 2437 1032 2518 laganich
1065 2437 1212 2497 dicti
1244 2437 1321 2496 de
1354 2435 1670 2515 Superiori
1718 2437 2091 2504 Lukawecz,
2126 2437 2367 2496 comitis
2400 2437 2709 2496 terrestris
2736 2437 2961 2516 Campi
2994 2435 3293 2510 eiusdem,

736 2545 954 2625 sigillis
1004 2545 1362 2620 eorundem,
1397 2543 1484 2604 uti
1516 2544 1716 2622 prima
1747 2544 1906 2604 facie
1954 2545 2316 2624 apparebat,
2365 2544 2843 2623 inpendentibus
2876 2543 3297 2624 consignatae,

733 2652 964 2712 tenoris
1031 2650 1420 2730 infrascripti,
1484 2659 1769 2729 petentes
1835 2670 1949 2710 nos
2024 2652 2235 2711 debita
2304 2672 2446 2712 cum
2510 2653 2831 2727 instancia,
2895 2661 2963 2711 ut
3016 2660 3299 2711 tenorem

736 2759 1078 2820 earundem
1124 2759 1204 2818 de
1252 2758 1445 2818 verbo
1510 2758 1591 2818 ad
1638 2758 1901 2818 verbum
1960 2758 2026 2817 in
2090 2759 2495 2838 transscripto
2561 2760 2881 2820 literarum
2942 2766 3295 2818 nostrarum

736 2865 1014 2925 similiter
1058 2865 1432 2944 patenciurn,
1467 2866 1671 2925 eidem
1704 2865 1956 2925 domino
1989 2866 2269 2925 Fabiano
2302 2867 2647 2944 presbitero
2682 2867 2832 2926 dare
2877 2866 3295 2946 dignaremur.

737 2973 1019 3050 Quarum
1065 2983 1245 3033 tenor
1291 2973 1431 3033 talis
1496 2980 1620 3033 est:
1687 2973 1913 3048 (Vide
1978 2974 2143 3033 doc.
2209 2992 2262 3033 a.
2335 2972 2500 3034 1457
2568 2973 2668 3033 21.
2716 2974 3083 3034 novemb.
3149 2972 3295 3032 sub

737 3081 790 3139 N
812 3100 867 3140 0.
917 3078 1106 3158 317.).
1153 3082 1286 3141 Nos
1334 3081 1522 3161 igitur
1569 3079 1743 3140 iustis
1792 3089 1854 3140 et
1899 3080 2015 3140 iuri
2064 3082 2353 3142 consonis
2399 3081 2810 3160 peticionibus
2859 3081 3139 3141 annotati
3186 3080 3293 3139 do-

737 3188 886 3248 mini
933 3188 1193 3249 Fabiani
1252 3188 1596 3267 presbiteri,
1663 3208 1778 3248 sua
1827 3207 1901 3248 ac
1948 3188 2255 3248 dictorum
2318 3189 2576 3250 fratrum
2622 3208 2876 3249 suorum
2942 3187 3294 3248 nominibus

737 3304 799 3356 et
845 3296 906 3355 in
954 3296 1237 3374 personis
1271 3296 1351 3356 ad
1379 3315 1494 3356 nos
1540 3295 1841 3374 porrectis
1873 3294 2164 3367 inclinati,
2212 3297 2550 3374 premissas
2595 3297 2805 3357 literas
2855 3304 3291 3357 annotatorum

735 3398 1104 3484 Bogauecz¹
1151 3404 1552 3464 Milakowich
1600 3411 1662 3463 et
1707 3404 1999 3464 Iohannis
2046 3404 2152 3463 filii
2201 3405 2467 3464 condam
2515 3405 2854 3480 Benedicti,
2900 3404 3293 3483 presentibus

732 3511 924 3571 literis
971 3511 1198 3571 nostris
1245 3511 1599 3590 patentibus
1646 3511 1836 3571 inseri
1883 3531 1958 3571 ac
2006 3512 2084 3572 de
2131 3512 2325 3573 verbo
2391 3514 2471 3573 ad
2520 3513 2781 3573 verbum
2843 3512 3182 3572 transsumi
3232 3521 3293 3570 et

735 3619 1097 3679 transscribi
1142 3618 1471 3699 sigilloque
1517 3626 1732 3679 nostro
1781 3619 2139 3699 consignari
2184 3619 2502 3694 facienteS,
2552 3621 2788 3681 eisdem
2823 3620 3110 3680 duximus
3146 3638 3290 3679 con-

735 3726 1068 3800 cedendaS,
1116 3725 1264 3786 iuris
1313 3725 1590 3804 ipsorum
1622 3726 1702 3786 ad
1737 3727 2063 3786 cautelam.
2114 3726 2349 3786 Datum
2393 3726 2550 3787 feria
2596 3736 2773 3788 sexta
2820 3727 3106 3805 proxima
3151 3735 3295 3805 post

734 3834 963 3893 testum
1030 3833 1199 3893 beati
1243 3832 1462 3909 Alexii,
1529 3852 1694 3893 anno
1761 3833 1994 3893 domini
2057 3833 2382 3894 millesimo
2430 3834 3048 3914 quadringentesimo
3112 3853 3292 3894 sexa·

734 3960 994 4022 gesimo

949 4061 1230 4131 originale
1268 4063 1644 4131 chartaceum,
1684 4078 1720 4116 a
1755 4065 1908 4130 tergo
1947 4063 2202 4133 appressi
2240 4063 2406 4132 sigilli
2444 4062 2761 4132 vestigium.
2800 4064 2862 4116 In
2901 4062 3071 4118 dorso
3104 4079 3289 4119 anno-

735 4153 902 4207 tatio:
948 4152 1314 4206 «Benedictus
1353 4151 1500 4205 filius
1539 4152 1779 4205 condam
1819 4151 2058 4206 Dionisii
2088 4151 2186 4205 filii
2216 4152 2351 4206 olim
2381 4151 2602 4219 Georgii
2631 4151 2730 4206 filii
2758 4152 3044 4221 quondam
3070 4152 3289 4207 Nicolai

733 4243 1027 4313 Myxyehe.
1067 4243 1130 4296 In
1166 4242 1318 4296 arch.
1353 4241 1544 4295 accad.
1584 4241 1801 4295 Slavor.
1839 4240 2036 4296 merid.
2074 4241 2396 4310 Zagrabiae.

953 4421 968 4451 ¹
1005 4419 1102 4475 sic.
