3917 5592
800 445 929 514 356

793 665 963 726 sonis
1011 685 1272 745 quorum
1326 681 1534 746 supra,
1584 663 1876 726 oneribus
1925 667 2205 727 similiter
2270 675 2334 727 et
2378 666 2850 746 gravaminibus
2913 686 3127 726 eorum
3176 667 3237 727 in
3286 687 3355 727 se

795 774 966 852 ipsos
1012 792 1126 852 per
1171 773 1384 834 omnia
1431 773 1785 852 assumptiS,
1833 773 2112 834 similiter
2159 773 2419 852 pacifice
2468 791 2845 835 conservare
2890 782 2953 834 et
2984 775 3353 835 confirmare

793 888 1284 959 assumpserunt,
1355 889 1417 940 et
1479 881 1734 942 easdem
1806 881 2241 960 possessiones
2310 881 2703 959 supradictas
2774 880 2970 960 ipsius
3032 881 3355 942 Benedicti

795 989 1116 1068 Krwpych
1180 997 1246 1050 et
1302 989 1580 1068 ipsorum
1644 989 1910 1050 filiorum
1957 997 2022 1050 et
2068 989 2373 1050 dictorum
2437 990 2738 1050 heredum
2788 1009 3059 1064 suorum,
3116 989 3353 1050 eisdem

749 1093 762 1104 '
793 1097 1135 1158 Benedicto
1183 1097 1502 1177 Krwpych
1549 1105 1614 1158 et
1657 1097 1798 1158 filiis
1846 1116 1922 1158 ac
1966 1098 2302 1159 heredibus
2372 1117 2590 1158 eorum
2653 1097 2961 1184 premisso
3022 1098 3157 1158 iure
3203 1097 3353 1176 ipsis

794 1204 1194 1279 incumbenti,
1241 1203 1434 1265 libere
1482 1213 1544 1265 et
1588 1205 1849 1283 pacifice
1907 1205 2230 1283 possidere
2294 1212 2358 1265 et
2402 1213 2616 1266 tenere
2682 1205 3056 1266 remiserunt
3112 1206 3351 1285 absque

792 1311 961 1372 omni
1025 1311 1544 1388 contradictione;
1603 1331 1637 1372 e
1703 1331 2008 1373 converso
2071 1321 2280 1373 autem
2345 1312 2569 1392 prefati
2630 1312 2895 1394 Egidius
2965 1312 3239 1374 carnifex
3287 1320 3351 1372 et

792 1421 1170 1481 Benedictus
1217 1421 1553 1499 Krwpych,
1602 1421 1880 1481 similiter
1925 1421 1989 1481 in
2035 1421 2320 1500 personis
2368 1440 2633 1500 quorum
2680 1441 2888 1500 supra,
2934 1421 3225 1481 oneribus
3273 1421 3352 1481 si-

791 1527 1015 1589 militer
1062 1537 1124 1588 et
1160 1527 1631 1608 gravaminibus
1671 1548 1887 1588 eorum
1917 1529 1981 1588 in
2012 1549 2081 1589 se
2115 1529 2285 1608 ipsos
2333 1535 2555 1608 sponte
2602 1548 2714 1608 per
2755 1529 2965 1589 omnia
2996 1528 3353 1606 assumptis,

793 1635 1107 1713 predictos
1171 1635 1480 1695 Thomam
1527 1643 1590 1694 et
1635 1637 1890 1695 Petrum
1954 1655 2030 1696 ac
2094 1636 2445 1715 Philippum
2511 1643 2573 1696 et
2634 1637 2922 1695 Marcum
2969 1643 3031 1696 et
3077 1635 3352 1713 ipsorum

795 1743 958 1802 filios
984 1762 1059 1803 ac
1089 1743 1356 1803 heredes
1388 1743 1714 1803 universos
1744 1743 2155 1822 supradictOS,
2188 1743 2250 1802 in
2282 1744 2571 1803 omnibus
2600 1742 3103 1822 possessionibus
3136 1762 3353 1803 eorum

791 1850 1200 1925 hereditariiS,
1261 1859 1390 1911 tarn
1454 1851 1764 1912 nobilibus
1811 1871 2001 1930 quam
2068 1851 2267 1912 eciam
2318 1851 2847 1932 impignoraticiiS,
2902 1859 3031 1912 tam
3079 1851 3141 1911 in
3188 1851 3355 1912 dicta

793 1958 1009 2020 Mlaka
1055 1978 1244 2037 quam
1293 1959 1354 2019 in
1401 1959 1539 2038 ipsa
1585 1960 1900 2036 Hrelyncz
1948 1959 2192 2034 habitis,
2240 1959 2303 2020 in
2351 1959 2575 2038 quibus
2608 1979 2718 2020 eos
2750 1959 3010 2038 predicti
3055 1967 3350 2038 parentes

792 2075 855 2126 et
901 2068 1383 2146 predecessores
1429 2087 1647 2128 eorum
1695 2066 2135 2146 relinquerunt,
2183 2076 2246 2127 et
2290 2068 2353 2127 in
2401 2087 2665 2147 quarum
2706 2068 2979 2128 dominio
3011 2087 3176 2127 nunc
3210 2076 3356 2128 sunt

793 2181 856 2234 et
900 2183 1286 2253 permanent,
1348 2175 1514 2235 nullo
1577 2175 1766 2236 modo
1813 2175 2114 2253 impedire
2177 2183 2241 2236 et
2301 2176 2685 2255 perturbare,
2748 2175 2862 2235 sed
2918 2194 3027 2235 eos
3092 2175 3352 2254 pacifice

791 2300 1167 2342 conservare
1231 2290 1293 2343 et
1352 2283 1722 2344 confirmare
1786 2292 2277 2361 assumpserunt,
2340 2283 2475 2342 sine
2538 2283 2707 2344 omni
2775 2282 3053 2344 similiter
3108 2265 3351 2342 contra-

797 2389 1111 2464 diccione;
1162 2397 1634 2468 assumpserunt
1679 2389 1935 2468 insuper
1980 2389 2115 2469 ipse
2165 2389 2347 2450 ambe
2410 2399 2639 2469 partes»,
2686 2390 2977 2451 videlicet
3039 2398 3171 2451 tam
3236 2389 3354 2468 ipsi

796 2499 1092 2571 Thomas,
1140 2497 1364 2557 Petrus
1411 2505 1493 2556 et.
1518 2496 1838 2576 Philippus
1887 2515 1962 2557 ac
2010 2497 2282 2572 MarcuS,
2345 2516 2534 2576 quarn
2580 2495 2841 2576 predicti
2902 2497 3167 2578 Egidius
3214 2517 3351 2558 car-

793 2603 959 2665 nifex
1007 2613 1070 2665 et
1115 2603 1492 2665 Benedictus
1540 2605 1878 2683 Krwpych‚
1925 2604 2278 2665 nominibus
2326 2611 2388 2665 et
2414 2605 2479 2665 in
2517 2605 2802 2683 personis
2833 2623 3097 2683 quorum
3145 2623 3353 2683 supra,

795 2719 996 2772 metas
1044 2711 1320 2772 omnium
1366 2711 1837 2790 possessionum
1885 2731 2101 2772 eorum
2148 2711 2569 2790 predictarum
2624 2720 2841 2772 contra
2886 2711 3195 2791 quoslibet
3241 2711 3350 2771 im-

794 2819 1109 2899 peditores
1157 2827 1220 2879 et
1264 2820 1730 2897 perturbatores
1789 2838 2024 2894 eorum,
2072 2827 2201 2879 tam
2247 2819 2565 2880 intraneos
2610 2839 2799 2899 quam
2852 2827 3199 2895 extrane08‚
3247 2819 3354 2899 qui

797 2947 906 2987 eos
951 2927 1014 2987 in
1061 2927 1211 3006 ipsis
1259 2928 1439 2987 metis
1501 2927 1920 3006 predictarum
1986 2928 2455 3006 possessionum
2503 2947 2720 2988 eorum
2782 2928 3005 3008 quovis
3069 2936 3351 3007 tempore

795 3034 1096 3114 impedire
1143 3043 1206 3095 et
1251 3035 1616 3114 perturbare
1665 3035 1893 3095 vellent
1939 3054 2054 3095 seu
2086 3036 2165 3096 de
2204 3035 2370 3096 facto
2402 3035 2774 3114 impedirent
2804 3043 2867 3094 et
2898 3035 3351 3115 perturbarent,

799 3162 942 3203 sese
977 3149 1192 3202 mutuo
1226 3141 1401 3217 tueri,
1448 3150 1783 3222 protegere
1818 3150 1880 3202 et
1915 3141 2252 3202 defendere
2282 3142 2547 3221 propriis
2586 3142 2863 3221 ipsorum
2896 3141 3213 3202 laboribus
3249 3145 3351 3221 [et]

797 3249 1104 3329 expensiS,
1152 3269 1416 3328 quorum
1449 3250 1732 3310 laborum
1765 3257 1829 3309 et
1860 3269 2277 3328 expensarum
2323 3250 2638 3328 predictus
2687 3250 2964 3310 Thomas
2998 3270 3139 3311 cum
3173 3251 3351 3311 dictis

794 3357 934 3418 filiis
981 3365 1045 3417 et
1089 3357 1422 3418 heredibus
1471 3357 1600 3416 suis
1647 3376 1836 3417 unam
1873 3365 2134 3435 partem,
2181 3365 2245 3417 et
2274 3357 2409 3436 ipse
2443 3357 2665 3418 Petrus
2714 3356 2991 3418 similiter
3023 3377 3164 3418 cum
3211 3357 3352 3418 filiis

799 3473 863 3527 et
905 3465 1242 3526 heredibus
1290 3465 1419 3525 suis
1468 3465 1808 3540 secundam
1841 3473 2103 3543 partem,
2149 3464 2407 3525 terciam
2442 3484 2592 3526 vero
2638 3473 2883 3544 partem
2914 3465 3050 3544 ipse
3088 3465 3354 3546 Egidius

805 3573 1080 3634 carnifex
1129 3591 1271 3632 cum
1319 3573 1498 3633 dictis
1533 3573 1658 3634 filio
1694 3581 1758 3633 et
1787 3573 2124 3633 heredibus
2156 3573 2303 3648 suis,
2350 3581 2638 3652 quartam
2672 3581 2881 3634 autem
2927 3582 3169 3652 partem
3214 3593 3353 3652 pre-

797 3681 945 3742 dicti
1007 3680 1330 3760 Philippus
1378 3700 1453 3741 ac
1499 3680 1755 3740 Marcus
1803 3700 1879 3741 ac
1925 3680 2303 3741 Benedictus
2367 3681 2687 3760 Krwpych
2735 3681 2944 3741 subire
3002 3689 3064 3741 et
3108 3681 3353 3742 solvere

794 3789 1186 3862 tenebuntur,
1232 3789 1353 3848 hoc
1401 3807 1714 3866 expreSSO,
1763 3790 1932 3867 quod
1978 3789 2147 3848 nulla
2193 3789 2470 3867 ipsarum
2517 3787 2797 3867 parcium
2844 3787 3157 3867 predictas
3204 3807 3348 3867 pos-

797 3895 1111 3956 sessiones
1160 3913 1376 3954 eorum
1423 3895 1487 3954 in
1532 3903 1711 3973 parte
1758 3896 1858 3954 vel
1905 3895 1968 3954 in
2014 3903 2145 3955 toto
2193 3895 2376 3955 alicui
2422 3895 2671 3970 homini,
2733 3904 2863 3956 tam
2926 3895 3349 3956 intraneorum

793 4022 984 4084 quam
1032 4011 1468 4063 extraneorum
1515 4001 1649 4062 sine
1696 4002 1853 4062 scitu
1902 4011 1964 4062 et
2010 4004 2329 4062 voluntate
2379 4003 2631 4064 alterius
2677 4003 2873 4082 partis
2920 4003 3194 4063 vendere
3242 4010 3353 4063 aut

797 4111 1220 4192 impignorare
1254 4108 1483 4170 debeat
1513 4110 1700 4170 modo
1735 4109 2021 4188 aliquali;
2068 4109 2235 4184 item,
2284 4111 2336 4170 si
2368 4111 2507 4189 quis
2542 4130 2617 4170 ex
2648 4110 2800 4189 ipsis
2835 4111 3097 4184 Thoma‚
3144 4110 3349 4185 Petr0,

800 4218 1084 4298 Philippo
1147 4225 1210 4278 et
1275 4218 1514 4289 Maron,
1577 4224 1686 4277 aut
1754 4235 1830 4277 ex
1899 4217 2194 4296 predictis
2258 4217 2487 4298 Egidio
2535 4218 2827 4278 carnifice
2887 4225 2949 4278 et
3009 4217 3350 4278 Benedicto

795 4327 1130 4405 Krwpych,
1179 4333 1287 4386 aut
1332 4345 1410 4386 ex
1455 4325 1606 4403 ipsis
1652 4323 1792 4384 filiis
1840 4344 1952 4384 seu
1986 4324 2322 4385 heredibus
2368 4325 2661 4404 ipsorum,
2718 4325 2987 4404 aliquem
3034 4324 3351 4385 hominem

796 4434 1144 4495 interficere
1207 4433 1553 4514 contigerit,
1618 4440 1845 4493 extunc
1905 4432 2162 4511 quilibet
2226 4451 2460 4506 eorum,
2529 4440 2739 4511 preter
2797 4432 3192 4507 homicidam,
3238 4451 3351 4511 pro

795 4541 1072 4623 birsagio
1119 4540 1443 4622 sangvinis
1489 4559 1602 4620 per
1647 4540 1921 4600 mediam
1984 4559 2260 4600 marcam
2324 4540 2723 4601 denariorum
2789 4541 3034 4601 solvere
3081 4539 3349 4614 debebit,

796 4651 946 4710 dum
993 4657 1201 4709 autem
1247 4648 1357 4709 fiet
1404 4648 1638 4709 solucio
1665 4668 1777 4728 pro
1809 4648 1917 4708 tali
1948 4648 2299 4722 homicidiO,
2347 4656 2494 4709 tunc
2526 4649 2783 4728 quilibet
2815 4649 3109 4729 ipsorum,
3142 4657 3351 4728 preter

796 4757 1191 4830 homicidam,
1224 4775 1338 4834 pro
1371 4755 1688 4816 solucione
1722 4755 1916 4836 ipsius
1948 4755 2279 4830 homicidii,
2314 4757 2583 4817 eundem
2615 4757 2993 4817 homicidam
3016 4775 3130 4836 per
3160 4777 3351 4818 unam

797 4885 1076 4928 marcam
1111 4865 1508 4925 denariorum
1542 4864 1841 4924 adiuvare
1873 4863 2199 4939 tenebitur,
2248 4866 2419 4924 solus
2452 4872 2661 4925 autem
2692 4865 3005 4926 homicida
3039 4865 3351 4926 residuam

805 4981 1004 5044 totam
1052 4972 1435 5042 solucionem
1483 4971 1623 5042 talis
1671 4971 1984 5039 homicidii
2032 4972 2371 5063 adimplere
2420 4980 2482 5037 et
2521 4974 2809 5043 exolvere
2864 4973 3143 5050 ‹lebebit3
3204 4974 3351 5056 item
