3917 5592
3007 436 3102 515 '39

537 666 863 749 quindenis
909 665 1284 728 inventionis
1333 675 1589 728 sanctae
1638 660 1855 743 cruciS‚
1929 686 2095 728 anno
2143 655 2389 728 domini*
2430 666 2757 729 millesimo
2806 669 3100 731 ducente-

537 778 694 836 simo
739 776 1154 856 nonagesimo
1201 795 1386 836 nono,

746 916 988 972 Ioannes
1044 915 1288 986 Tkaleic,
1338 917 1588 972 Mon'um.
1629 916 1758 972 hist.
1815 917 2123 990 episcopat.
2182 916 2572 985 Zagrabiensis
2608 916 2647 972 Ι.
2688 916 2808 973 242.
2859 945 2925 957 —
2979 915 3100 972 Ori-

535 1006 716 1074 ginale
765 1008 1194 1061 membraneum
1251 1023 1376 1061 cum
1419 1024 1564 1062 zona
1619 1008 1836 1062 sericea
1883 1009 2035 1063 flava
2074 1009 2287 1076 absque
2324 1007 2521 1077 sigillo
2566 1016 2622 1060 ln
2660 1008 2893 1061 archivo
2951 1006 3101 1076 capi-

535 1095 634 1150 tuli
671 1095 1081 1164 Zagrabiennis.

1750 1382 1896 1453 ³5.

751 1547 936 1608 Anno
993 1529 1178 1609 1300ss

543 1740 794 1806 Coram
867 1741 1176 1806 Iohanne
1228 1741 1391 1826 filio
1456 1743 1824 1808 Michaelis
1871 1745 2119 1809 comite
2170 1744 2419 1829 Campi
2464 1743 2963 1830 Zagrabiensis
3024 1748 3105 1809 a'c

534 1848 794 1932 Egidio
825 1850 1072 1913 comite
1119 1851 1438 1914 terrestri
1464 1851 1774 1916 eiusdem
1827 1851 2094 1935 Campi,
2145 1850 2403 1916 nobiles
2448 1849 2847 1935 iobagiones
2884 1852 3103 1916 castri

534 1955 616 2020 de
663 1957 903 2020 Parua
959 1955 1266 2022 Goricza
1309 1961 1376 2022 et
1435 1957 1746 2024 Vrbancz
1775 1963 1998 2024 metas
2048 1961 2235 2024 inter
2271 1960 2741 2043 possessiones
2786 1960 3103 2044 ipsorum

1572 2065 2057 2133 determinant.
2092 2123 2095 2127 .

747 2264 884 2344 Nos
931 2265 1242 2325 Iohannes
1311 2263 1474 2324 filius
1537 2263 1864 2325 Michaelis
1935 2283 2149 2325 comes
2215 2263 2442 2342 Campi
2510 2264 2955 2344 Zagrabiensis
3026 2265 3102 2324 ac
3164 2313 3171 2322 .

533 2367 849 2450 Egedius¹
893 2372 1056 2432 filius
1103 2380 1333 2446 noster,
1382 2391 1594 2432 comes
1625 2371 1938 2432 terrestris
1986 2372 2269 2432 eiusdem
2310 2372 2554 2450 Campi,
2602 2354 2902 2434 memorie
2933 2391 3099 2432 com-

535 2480 908 2545 mendamus
961 2487 1178 2552 tenore
1226 2480 1638 2559 presencium,
1709 2479 2138 2559 significantes
2187 2480 2410 2558 quibus
2481 2479 2749 2558 expedit
2776 2480 3101 2562 vniuersi3‚

536 2581 804 2664 qualiter
866 2581 1176 2647 Martinus
1225 2595 1287 2646 et
1333 2588 1610 2647 Thomas
1680 2586 1788 2647 filii
1833 2587 2106 2662 Andree‚
2176 2588 2543 2647 Valentinus
2592 2587 2753 2648 filius
2824 2587 3099 2668 Georgii,

535 2694 682 2753 item
744 2693 1078 2769 AdrianuS,
1147 2695 1398 2770 PauluS,
1467 2696 1760 2756 Vrbanus
1829 2704 1890 2754 et
1935 2694 2231 2755 Matheus
2294 2695 2401 2755 filii
2470 2697 2666 2771 Pauli,
2736 2697 2969 2756 Paulus
3038 2706 3099 2756 et

535 2802 844 2861 Martinus
891 2802 999 2862 filii
1043 2803 1323 2878 Fabiani,
1379 2802 1620 2862 nobiles
1669 2802 2041 2882 iobagiones
2089 2803 2276 2862 castri
2323 2804 2412 2886 de·
2448 2804 2657 2864 Parua
2703 2802 2971 2864 Goricza
3019 2804 3098 2863 ab

535 2927 678 2982 vna,
725 2917 903 2986 parte
949 2927 1102 2968 vero
1151 2928 1226 2968 ex
1276 2910 1489 2983 altera,
1560 2909 1891 2993 IohanneS,
1946 2910 2226 2969 Thomas
2275 2919 2337 2969 et
2382 2911 2645 2970 Iacobus
2694 2910 2799 2970 filii
2844 2910 3099 2970 Martini

537 3024 600 3075 et
646 3015 1016 3076 Valentinus
1061 3016 1225 3076 filius
1273 3016 1457 3090 Petri,
1507 3017 1786 3086 similiter
1817 3017 2059 3084 nobiles
2105 3015 2254 3076 dicti
2301 3017 2490 3077 castri
2536 3019 2615 3076 de
2663 3017 2969 3092 Vrbancz,
3018 3018 3100 3076 ad

538 3131 816 3182 nostram
847 3124 1260 3202 personaliter
1292 3124 1617 3184 venientes
1650 3124 2046 3203 presenciam
2078 3123 2437 3184 confessum
2470 3124 2668 3184 extitit
2699 3143 2812 3202 per
2844 3126 3100 3184 easdem

536 3239 748 3308 partes
795 3239 1017 3310 sponte
1052 3241 1114 3291 et
1146 3232 1428 3306 relatum,
1477 3233 1657 3311 quod
1691 3232 1826 3310 ipse
1870 3241 2084 3311 partes
2134 3231 2455 3310 cupientes
2484 3232 2547 3291 in
2575 3232 2887 3312 tranquila
2930 3231 3106 3310 pacis

537 3339 763 3399 vnione
812 3339 1108 3418 deinceps
1155 3340 1531 3419 perenaliter
1576 3360 1961 3419 permanere,
2011 3341 2089 3400 de
2140 3339 2446 3401 vniuersis
2491 3340 2996 3419 possessionibus
3045 3349 3109 3400 et

539 3446 937 3525 porcionibus
1006 3447 1542 3526 possessionariiS,
1609 3448 1805 3526 ipsas‘
1848 3456 2061 3527 partes
2130 3452 2383 3527 quoqu'o
2430 3448 2618 3509 modo
2686 3447 3106 3528 tangentibuS,

537 3553 703 3613 hunc
749 3553 814 3613 in
859 3556 1115 3638 modum
1161 3555 1324 3614 intra
1371 3573 1440 3614 se
1484 3554 1788 3614 fecissent
1829 3553 2201 3614 diuis-ienem
2252 3563 2315 3624 et
2358 3565 2561 3615 metas
2608 3555 2973 3618 infrasertas
3016 3555 3105 3615 fe-

540 3662 700 3722 cisse
749 3671 812 3722 et
859 3661 1166 3737 erexisse,-
1201 3681 1275 3721 ac
1297 3735 1302 3739 .
1322 3662 1742 3740 perennaliter
1774 3670 1842 3738 et,
1868 3662 2305 3723 inuiolabiliter
2352 3681 2427 3722 ac
2474 3661 2752 3722 similiter
2797 3662 3107 3724 beneuole

540 3769 1044 3848 assumpsissent,
1115 3777 1180 3830 et
1225 3778 1702 3849 assumpserunt
1767 3770 1966 3830 nostri
1990 3771 2073 3844 ¹in
2121 3770 2450 3848 presencia
2495 3770 2605 3830 tali
2648 3771 2868 3830 modo:
2939 3770 3108 3848 quod

535 3876 740 3956 prima
783 3886 955 3938 meta
999 3877 1472 3956 possessionum
1519 3897 1633 3938 seu
1677 3877 2048 3956 porcionum
2118 3877 2754 3956 possessionariarum
2801 3877 3104 3937 dictorum

513 3983 848 4060 ·Iohmmi8‚
917 3985 1160 4046 Thome
1208 3993 1270 4045 et
1314 3984 1526 4046 Iacobi
1595 3984 1868 4044 filiorum
1930 3982 2188 4044 Martini
2236 4004 2311 4045 ac
2360 3982 2674 4044 Valentini
2743 3985 2852 4044 filii
2918 3983 3105 4057 Petri,

537 4091 753 4171 incipit
795 4112 837 4154 a
879 4103 1056 4172 parte
1103 4093 1491 4153 meridionali
1537 4093 1602 4152 in
1647 4093 1841 4152 fluuio
1890 4092 2071 4152 Odra
2115 4102 2359 4166 vocat0,
2410 4091 2473 4152 in
2518 4092 2667 4152 villa
2711 4087 3105 4152 Kurilowecz

517 4201 878 4274 -transienti,
921 4209 1012 4260 ‘et
1075 4201 1154 4260 de
1203 4200 1344 4278 ipsa
1412 4200 1587 4260 Odra
1634 4200 2020 4260 transeundo
2089 4219 2202 4277 per
2248 4219 2441 4260 vnum
2510 4198 2819 4260 fossatum
2881 4216 3105 4260 versus

537 4309 792 4388 plagam
825 4310 1163 4368 australem
1209 4309 1497 4386 peruenit
1528 4310 1607 4367 ad
1641 4310 1847 4368 locum
1895 4308 2139 4382 Vudoll,
2188 4307 2250 4366 in
2282 4325 2407 4387 quo
2454 4307 2593 4366 loco
2626 4307 2855 4367 Vudoll
2892 4306 3105 4385 appel-

538 4416 666 4475 lato
714 4423 995 4494 tempore
1065 4416 1322 4495 pluuiali
1369 4416 1577 4496 aliqua
1649 4416 1981 4476 mediocris
2030 4434 2195 4494 aqua
2242 4415 2529 4490 decurrit,
2602 4422 2663 4474 et
2716 4433 2832 4493 per
2898 4415 3104 4492 ipsum

539 4531 818 4584 meatum
863 4524 1092 4584 Vudoll
1120 4523 1389 4584 flectitur
1435 4525 1517 4584 ad
1561 4532 1805 4602 partem
1838 4524 2222 4598 orientalem,
2271 4531 2336 4582 et
2378 4541 2491 4600 per
2535 4523 2771 4581 bonum
2820 4519 3099 4600 spacium

536 4651 651 4711 per
719 4632 947 4692 Vudoll
1017 4633 1222 4692 eundo
1292 4651 1480 4692 vnam
1549 4651 1782 4692 nouam
1849 4639 2083 4691 metam
2151 4639 2423 4690 terream
2496 4629 2793 4710 pertingit
2860 4627 3107 4688 nouiter

540 4747 830 4814 erectam,
880 4747 944 4799 et
971 4739 1050 4799 de
1078 4739 1216 4817 ipsa
1261 4747 1431 4799 meta
1478 4749 1684 4799 terrea
1713 4743 1882 4798 noua
1927 4738 2313 4798 transeundo
2359 4755 2474 4815 per
2517 4736 2825 4796 fossatum
2871 4755 3107 4796 nouum

539 4865 761 4908 versus
810 4845 1136 4908 meridiem
1181 4845 1470 4925 peruenit
1516 4847 1598 4906 ad
1644 4846 1962 4925 quandam
2008 4860 2241 4905 nouam
2288 4852 2523 4904 metam
2568 4853 2856 4918 terream,
2900 4851 2981 4904 'et
3027 4845 3107 4904 de

541 4952 680 5033 ipsa
725 4955 1002 5033 quadam
1069 4962 1240 5014 meta
1284 4963 1494 5014 terrea
1562 4954 1797 5014 directe
1847 4954 2053 5014 eundo
2126 4953 2331 5012 adhuc
2378 4953 2459 5012 ad
2505 4959 2747 5030 partem
2818 4952 3105 5012 meridio—
