3917 5592
3096 460 3230 524 261.

661 677 1091 740 testimonium
1137 677 1617 755 firmitatemque
1664 683 2054 754 perpetuam,
2100 677 2495 754 presentibus
2528 676 2734 755 sigilla
2779 683 2993 736 nostro
3041 677 3224 737 solita

658 786 945 848 duximus
1008 786 1439 864 appendenda.
1503 785 1737 844 Datum
1795 783 2128 864 Zagrabie,
2189 783 2345 844 feria
2408 783 2686 844 secunda
2744 784 3031 862 proxima
3075 793 3220 862 post

656 893 885 954 festum
930 901 1145 954 sancte
1190 892 1476 960 trinitatS,
1526 910 1690 952 anno
1740 890 1973 952 domini
2021 891 2348 951 millesimo
2397 891 3016 972 quadringentesimo
3065 910 3219 971 qua-

657 1001 1015 1082 dragesimo
1063 1001 1280 1080 primo.

868 1135 1153 1209 originale
1179 1138 1623 1207 membraneum,
1652 1137 1971 1208 dependent
1997 1129 2185 1191 solum
2211 1139 2356 1191 duae
2383 1136 2632 1191 sericeae
2670 1152 2866 1206 zonae,
2905 1151 3020 1190 una
3056 1135 3212 1190 rubri

656 1230 835 1284 altera
870 1227 1108 1284 violacei
1148 1227 1372 1283 coloris.
1414 1228 1473 1280 ln
1512 1228 1664 1286 arch.
1704 1227 1895 1282 accad.
1933 1227 2130 1281 scient.
2168 1227 2385 1281 Slavor.
2425 1225 2622 1279 mei-id.
2660 1225 2986 1293 Zagrabiae.

1835 1564 2048 1634 24⁷.

876 1766 1063 1826 Anno
1120 1762 1304 1826 1443.
1362 1762 1457 1824 18.
1504 1763 1880 1826 novembris·
1929 1764 2300 1844 Zagrabiae.

646 1975 1007 2062 johannes
1054 1973 1419 2059 Rayachar
1462 1993 1685 2038 comes
1736 1973 1988 2057 Campi
2032 1973 2533 2058 Zagrabiensis
2577 1993 2660 2036 ac
2729 1973 2976 2037 Petrus·
3009 1971 3223 2055 filius

658 2082 999 2147 Iohannis
1030 2081 1112 2146 de
1142 2081 1395 2160 Mlaka,
1428 2101 1650 2146 comes
1678 2081 2035 2146 terrestris
2064 2081 2376 2145 eiusdem
2411 2080 2677 2165 Campi,
2711 2080 3220 2145 amonitionem

666 2191 747 2255 de
792 2189 1367 2274 impignorandi-s·
1422 2188 1977 2273 possessionibus
2035 2188 2451 2254 Scolasticae
2508 2187 2712 2273 filiae
2785 2187 3075 2272 Georgii
3141 2187 3223 2252 de

1566 2277 1857 2374 ‘Mlaka,
1905 2295 2296 2380 notificant.

866 2514 999 2573 Nos
1045 2513 1355 2572 Iohannes
1420 2513 1750 2589 Rayachar
1810 2531 2025 2573 comes
2088 2511 2315 2590 Campi
2371 2511 2816 2592 Zagrabiensis
2863 2531 2940 2572 ac
3000 2513 3224 2572 Petrus

649 2622 811 2680 filius
858 2619 1147 2680 Iohannis
1196 2620 1275 2680 de
1340 2619 1558 2678 Mlaka
1621 2638 1831 2679 comes
1899 2619 2210 2680 terrestris
2273 2619 2556 2679 eiusdem
2617 2619 2852 2698 Campi
2927 2620 3226 2681 memorie

650 2726 1161 2788 commendamus
1210 2743 1321 2804 per
1362 2732 1709 2803 presenteS,
1756 2726 1925 2804 quod
1973 2744 2117 2785 cum
2163 2744 2279 2786 nos
2329 2726 2410 2786 ad
2457 2727 2794 2787 instantem
2840 2725 3218 2804 peticionem

651 2833 871 2894 nobilis
919 2831 1169 2892 domine
1215 2831 1559 2891 Scolastica
1605 2839 1846 2904 vocate,
1893 2831 2018 2891 filie
2080 2830 2342 2912 Georgii
2403 2831 2511 2892 filii
2556 2831 2800 2892 Nicolai
2854 2832 2934 2892 de
2986 2831 3222 2907 Mlaka,

650 2940 921 3000 nobilem
967 2938 1169 2998 virum
1214 2937 1502 3004 Blasium
1548 2936 1743 2996 filium
1805 2937 2066 3014 Mathye
2130 2935 2240 2996 filii
2307 2936 2509 2998 Marci
2573 2938 2652 2997 de
2700 2939 2928 2998 eadem
2955 2939 3210 3012 ⁴Mlaka,

648 3043 1049 3127 iobagionem
1095 3045 1384 3105 videlicet
1446 3053 1731 3104 nostrum
1792 3044 2198 3123 fidedignum,
2263 3044 2344 3104 de
2409 3045 2561 3104 sede
2625 3052 2841 3106 nostra
2885 3045 3218 3105 iudiciaria

648 3155 831 3214 solita
874 3153 1303 3233 Zagrabiensi,
1351 3152 1509 3214 feria
1554 3153 1849 3213 videlicet
1914 3153 2194 3214 secunda
2248 3153 2532 3231 proxima
2575 3162 2719 3231 post
2763 3154 2994 3214 festum
3039 3153 3209 3213 beati

648 3261 886 3320 Mathei
933 3260 1196 3338 apostoli
1245 3268 1308 3319 et
1371 3260 1799 3340 ewangeliste,
1873 3279 2038 3319 nunc
2100 3259 2380 3337 proxime
2445 3259 2827 3338 preteritum,
2859 3261 2956 3321 'ad
3021 3260 3208 3320 inffa-

646 3345 941 3446 scriptam
988 3367 1549 3446 possessionariam
1614 3366 2112 3428 admonicionem
2173 3367 2528 3427 faciendam
2574 3367 2856 3447 legitime
2903 3367 3208 3428 destinas·

654 3494 883 3546 semuS,
931 3475 1187 3534 tandem
1232 3473 1400 3534 idem
1443 3473 1695 3554 iobagio
1744 3483 1955 3534 noster
2018 3474 2374 3554 fidedignus
2442 3473 2504 3534 in
2551 3474 2879 3553 quindenis
2929 3473 3206 3552 predicte

649 3582 802 3643 ferie
851 3575 1143 3655 secunde,
1191 3581 1273 3642 de
1336 3600 1511 3641 more
1578 3581 1734 3641 alias
1782 3588 2100 3656 consvetO,
2165 3581 2388 3641 exinde
2452 3599 2742 3641 reversus
2807 3589 2870 3640 et
2914 3599 3028 3658 per
3088 3599 3206 3639 uos

651 3689 981 3767 diligenter
1027 3688 1377 3766 requisitus,
1425 3688 1604 3748 nobis
1653 3689 1859 3749 retulit
1902 3689 2240 3768 fidedigne,
2289 3700 2357 3749 ut
2404 3691 2553 3749 dum
2584 3689 2718 3768 ipse
2769 3690 2851 3749 ad
2881 3689 3212 3748 Andream

646 3796 839 3854 filium
885 3793 1107 3872 prefati
1155 3795 1414 3870 Nicolai,
1462 3803 1756 3873 patruum
1802 3795 2038 3856 scilicet
2082 3796 2277 3875 ipsius
2311 3796 2561 3856 domine
2607 3797 2966 3870 Scolastice,
3016 3805 3077 3855 et
3125 3794 3206 3854 ad

646 3903 1036 3980 Stephanum
1080 3901 1274 3962 filium
1323 3901 1603 3962 eiusdem
1652 3903 1923 3976 Andree,
1972 3922 2048 3963 ac
2078 3903 2162 3963 ad
2206 3902 2558 3981 Philippum
2607 3911 2670 3962 et
2717 3903 3003 3963 Marcum
3050 3902 3209 3962 filios

647 4009 800 4069 Ivan
833 4007 942 4068 filii
990 4008 1135 4068 dicti
1183 4009 1455 4082 Andree,
1499 4029 1744 4069 necnon
1778 4011 1858 4070 ad
1887 4009 2199 4070 Thomam
2243 4010 2435 4070 filiurn
2485 4009 2688 4070 Marci
2731 4009 2840 4069 filii
2886 4010 3058 4069 Iwan
3104 4009 3210 4068 filii

652 4115 861 4176 Laczk
892 4115 972 4175 de
1018 4115 1263 4193 prefata
1308 4115 1541 4190 Mlaka,
1592 4125 1655 4176 et
1688 4117 1771 4176 ad
1819 4118 2086 4176 alterum
2134 4117 2444 4177 Thomam
2470 4116 2664 4176 filium
2713 4115 3056 4176 Clementis
3103 4117 3210 4176 filii

650 4221 913 4299 predicti
960 4221 1162 4282 Marci
1207 4221 1315 4281 filii
1361 4221 1557 4299 ipsius
1605 4222 1777 4282 Iwan
1826 4222 1933 4283 filii
1980 4222 2126 4282 dicti
2175 4224 2400 4296 Laczk,
2450 4242 2525 4282 ac
2573 4224 2652 4282 ad
2702 4223 2822 4283 alio
2870 4223 3206 4301 quosliscet

646 4328 881 4388 vicinos
930 4337 993 4388 et
1048 4339 1514 4390 commetaneos
1578 4329 1773 4406 ipsius
1836 4329 2088 4389 domine
2134 4329 2494 4402 Scolastice,
2559 4330 2939 4409 propinquos
2993 4337 3056 4389 et
3102 4348 3196 4388 re-

644 4443 847 4493 motos
895 4435 1280 4510 accessisset,
1330 4443 1393 4495 et
1436 4455 1547 4496 eos
1594 4435 1657 4495 in
1706 4454 1783 4496 eo
1832 4436 2283 4511 admonuisset,
2344 4445 2411 4495 ut
2473 4436 2525 4495 si
2573 4435 2690 4514 ipsi
2738 4445 2847 4496 aut
2892 4435 3202 4514 quispiam

644 4561 719 4601 ex
768 4542 936 4620 ipsis,
982 4541 1275 4602 fratribus
1322 4542 1611 4603 videlicet
1656 4543 1785 4602 suis
1818 4543 2202 4620 patruelibus
2251 4563 2326 4602 ac
2373 4543 2593 4602 vicinis
2641 4551 2704 4602 et
2750 4543 3200 4603 commetaneis

641 4649 837 4726 ipsius
884 4649 1131 4708 domine
1178 4649 1537 4725 Scolastice,
1585 4651 1811 4710 totales
1858 4650 2294 4728 possessiones
2360 4658 2421 4709 et
2451 4649 2807 4727 porciones
2853 4650 3201 4726 possessio·

641 4756 849 4817 narias
896 4756 1179 4817 eiusdem
1224 4756 1474 4817 domine
1519 4757 1879 4830 Scolastice,
1943 4764 2072 4816 tam
2135 4756 2376 4817 nobiles
2424 4774 2616 4834 quam
2677 4755 3092 4834 quartaliciaS,
3143 4756 3203 4816 in

642 4863 917 4942 predicta
964 4863 1196 4924 scilicet
1242 4863 1457 4924 Mla¹<a
1504 4872 1567 4924 et
1612 4865 1747 4924 eius
1794 4863 2192 4942 pertinenciis
2241 4883 2317 4924 ac
2365 4863 2519 4923 alias
2588 4862 2789 4922 ubivis
2835 4863 3083 4923 habitas
3132 4871 3196 4922 et

642 4968 1039 5042 existitente3‚
1087 4969 1308 5052 quovis
1354 4969 1619 5029 nominis
1671 4969 1975 5030 vocabulo
2013 4969 2332 5043 vocitataS,
2366 4969 2568 5048 ipsam
2616 4969 2851 5029 scilicet
2883 4969 3201 5030 dominam
