3917 5592
2969 452 3054 512 90

496 665 757 725 eandem
804 666 1061 745 plagam
1124 666 1595 726 meridionalem
1655 686 1851 745 penes
1900 674 2134 727 terram
2191 667 2336 727 dicti
2383 668 2674 741 Ladislai‚
2725 677 2785 728 et
2833 689 3051 747 proee-

494 772 696 833 dendo
743 773 1030 850 peruenit
1076 774 1155 832 ad
1203 782 1433 833 terram
1482 774 1713 833 domini
1761 774 1948 854 regiS,
2013 774 2116 833 ubi
2165 783 2420 855 resegat
2481 784 2542 834 et
2603 785 2855 854 separat
2901 797 3050 855 que-

504 880 645 940 dam
691 898 892 959 parua
940 880 1133 955 ualliS‚
1182 900 1303 959 que
1352 880 1576 941 dicitur
1608 882 1965 951 sclauonico
2014 882 2260 955 Wodol,
2309 901 2420 960 per
2467 878 2686 961 quemi*
2736 883 3065 943 reuertitur

504 988 580 1047 ad
626 996 868 1067 partem
916 987 1383 1061 occidentalem,
1452 997 1515 1049 et
1561 1009 1675 1067 per
1722 990 1989 1050 eandem
2036 991 2322 1068 peruenit
2371 991 2450 1049 ad
2497 998 2727 1049 terram
2775 992 2948 1050 Iwan
2996 999 3059 1051 et

498 1095 661 1154 Petri
707 1095 975 1155 filiorum
1020 1096 1257 1171 Raden,
1306 1096 1411 1155 ubi
1450 1105 1554 1165 ,est
1600 1105 1770 1157 meta
1815 1105 2038 1171 terrea,
2088 1106 2151 1157 et
2195 1098 2280 1157 ibi
2327 1097 2450 1157 exit
2499 1098 2578 1157 de
2625 1098 2728 1157 illa
2785 1099 2944 1158 ualle
2995 1107 3058 1159 et

499 1203 825 1283 reuertitur
874 1204 956 1263 ad
1003 1210 1245 1281 partem
1294 1204 1863 1282 septemtrionalem
1913 1212 1974 1263 et
2021 1204 2220 1264 tendit
2265 1204 2436 1264 iuxta
2483 1214 2714 1271 terram
2748 1204 3056 1281 dictorum

496 1310 757 1370 filiorum
803 1311 1023 1371 Raden
1069 1320 1131 1371 et
1176 1312 1591 1389 peruenit’ad
1639 1312 1957 1391 quandam
2007 1312 2326 1390 antiquam
2373 1312 2558 1385 viam,
2609 1320 2671 1371 et
2717 1312 2857 1372 salit
2907 1334 3054 1373 ean-

496 1418 651 1491 dem,
713 1426 776 1477 et
834 1437 1030 1496 penes
1092 1418 1306 1497 ipsam
1366 1419 1533 1478 viam
1592 1420 1875 1497 procedit
1940 1420 2024 1479 ad
2084 1418 2473 1479 occidentem
2537 1426 2598 1479 et
2643 1420 2929 1498 peruenit
2977 1422 3057 1480 ad

495 1526 807 1603 quandam
854 1526 1145 1587 arborem
1185 1525 1483 1606 jegenefa
1540 1535 1847 1601 uocatam,
1912 1525 2020 1587 ubi
2067 1535 2162 1587 est
2209 1536 2378 1587 meta
2423 1535 2630 1587 terrea
2676 1526 3055 1587 circumfusa

496 1642 557 1692 et
599 1632 683 1692 ibi
726 1632 1035 1692 vicinatur
1082 1644 1145 1693 et
1192 1642 1605 1693 commetatur
1651 1641 1817 1693 terra
1866 1632 2172 1692 dictorum
2219 1632 2484 1692 filiorum
2546 1634 2766 1694 Raden
2813 1641 2878 1695 et
2935 1636 3053 1695 La-

493 1739 667 1799 dislai
730 1738 1003 1817 predicti,
1072 1748 1133 1799 et
1196 1740 1420 1800 deinde
1492 1740 1828 1800 reflectitur
1898 1739 1980 1798 ad
2045 1747 2289 1816 partem
2360 1741 2930 1817 septemtrionalem
2996 1751 3059 1803 et

490 1847 765 1925 procedit
829 1854 997 1907 recte
1065 1856 1127 1907 et
1185 1848 1469 1925 peruenit
1542 1847 1623 1907 ad
1683 1847 1998 1926 quandam
2065 1854 2295 1905 metam
2371 1856 2644 1907 terream
2707 1856 2768 1907 et
2829 1848 3055 1909 deinde

494 1954 820 2014 reuertitur
877 1955 959 2014 ad
1019 1938 1323 2014 orientem
1386 1963 1448 2015 et
1510 1955 1793 2032 peruenit
1856 1955 1936 2014 ad
1985 1955 2302 2033 quandam
2371 1954 2708 2033 antiquam,
2771 1955 3055 2016 videlicet

492 2061 634 2121 olim
681 2061 864 2136 viam,
933 2070 995 2122 et
1040 2062 1213 2124 iuxta
1276 2062 1540 2123 eandem
1606 2061 1886 2140 procedit
1933 2062 2015 2122 ad
2063 2062 2329 2122 eandem
2384 2064 2639 2142 plagam
2688 2062 3051 2123 orientalem

491 2177 553 2230 et
595 2169 878 2247 peruenit
927 2170 1007 2229 ad
1055 2180 1286 2229 metam
1316 2179 1606 2242 terream,
1656 2178 1717 2228 et
1750 2168 1976 2229 deinde
2025 2167 2305 2246 procedit
2353 2169 2434 2228 ad
2482 2169 2747 2229 eandem
2796 2170 3050 2248 plagam

488 2284 551 2337 et
594 2276 878 2355 peruenit
926 2278 1006 2336 ad
1054 2277 1341 2336 arborem
1390 2276 1564 2336 scilfa
1611 2277 1930 2357 wlgariter
1977 2284 2270 2336 vocatam
2318 2284 2486 2336 meta
2533 2284 2737 2336 terrea
2785 2276 3048 2335 circum-

486 2366 707 2453 fusam,
753 2385 977 2446 deinde
1024 2393 1193 2445 recte
1241 2385 1323 2444 ad
1368 2385 1634 2445 eandem
1680 2385 1937 2462 plagam
1985 2384 2266 2461 procedit
2313 2393 2374 2445 et
2419 2384 2705 2462 peruenit
2737 2384 2820 2443 ad
2850 2403 3044 2462 quen-

488 2493 629 2552 dam
691 2494 934 2567 uallem,
1004 2513 1126 2571 que
1197 2493 1553 2552 sclauonico
1613 2493 1829 2551 Mlaka
1890 2492 2131 2566 dicitur,
2193 2512 2306 2570 per
2353 2512 2539 2571 quern
2588 2492 2917 2552 reuertitur
2967 2492 3046 2553 ad

402 2659 418 2674 ,
486 2600 807 2663 meridiem
854 2608 916 2659 et
961 2600 1243 2678 procedit
1310 2600 1555 2659 modico
1603 2599 1816 2678 spacio
1886 2609 1947 2660 et
1994 2600 2280 2677 peruenit
2342 2601 2423 2662 ad
2471 2600 2792 2682 antiquam
2841 2598 3041 2661 viam·³

486 2726 597 2786 per
658 2727 844 2787 quem
907 2708 1242 2767 reflectitur
1303 2708 1383 2767 ad
1440 2706 1745 2767 orientem
1808 2716 1869 2766 et
1928 2706 2212 2785 peruenit
2261 2708 2342 2767 ad
2391 2708 2678 2768 arborem
2725 2706 2892 2785 pomi
2940 2707 3040 2767 sil-

487 2808 709 2875 uestri⁷
754 2822 921 2874 meta
990 2822 1195 2875 terrea
1242 2813 1698 2887 circumfusam,
1769 2822 1831 2874 et
1900 2813 2124 2873 deinde
2197 2814 2526 2873 reuertitur
2585 2813 2668 2873 ad
2721 2812 3044 2875 meridiem

488 2931 550 2982 et
594 2921 883 3001 peruenit
951 2923 1033 2982 ad
1078 2940 1376 3001 magnam
1447 2922 1632 2994 viam,
1701 2940 1813 2999 per
1860 2940 2048 2999 quem
2098 2920 2434 2981 reflectitur
2498 2923 2577 2980 ad
2635 2920 2937 2981 orientem
2985 2928 3046 2979 et

486 3030 769 3107 procedit
837 3028 1080 3089 modico
1152 3028 1364 3107 spacio
1414 3036 1475 3087 et
1522 3028 1850 3088 reuertitur
1898 3029 1980 3087 ad
2043 3028 2309 3105 priorem
2382 3036 2613 3088 metam
2661 3035 2721 3087 et
2769 3026 2852 3087 ibi
2921 3035 3042 3086 ter-

488 3138 802 3197 minantur
848 3145 1012 3197 mete
1060 3144 1384 3214 prenotate
1408 3136 1927 3215 possessionarie
1974 3135 2302 3214 porcionis
2352 3136 2419 3195 ln
2468 3135 2642 3195 cuius
2691 3134 2780 3195 rei
2811 3154 3044 3194 memo-

489 3245 645 3305 riam
692 3244 1171 3323 firmitatemque
1220 3251 1604 3322 perpetuam‚
1670 3252 1994 3322 presentes
2057 3242 2267 3303 literas
2331 3250 2578 3303 nostras
2625 3240 3044 3321 priuilegiales

490 3361 551 3412 et
598 3351 940 3432 sigillorum
980 3359 1333 3411 nostrorum
1380 3351 1793 3429 pendencium
1828 3350 2249 3430 consignataS,
2299 3350 2536 3411 eisdem
2568 3349 2707 3409 filiis
2753 3348 3044 3410 Iohannis

488 3460 777 3519 duximus
824 3453 1307 3518 concedendas⁸.
1381 3457 1613 3517 Datum
1659 3456 1991 3537 Zagrabie,
2037 3456 2194 3516 feria
2243 3456 2522 3516 secunda
2567 3457 2852 3534 proxima
2900 3463 3042 3515 ante

485 3566 714 3627 festum
757 3566 1095 3626 natiuitatis
1125 3565 1296 3625 beati
1348 3564 1639 3629 Iohannis
1672 3564 1957 3641 baptiste,
2016 3583 2178 3623 anno
2206 3563 2438 3624 domini
2481 3556 3041 3623 M⁰.CCC⁰.LXX⁰.

486 3674 769 3753 septimo,

702 3812 985 3883 Originale
1032 3815 1475 3868 membraneum.
1553 3814 1600 3866 A
1648 3812 1815 3868 viridi
1867 3828 2012 3867 zona
2051 3812 2265 3866 sericea
2303 3811 2509 3880 pendet
2545 3810 2806 3881 sigillum,
2863 3812 3040 3883 aliud,

484 3906 618 3959 huic
644 3921 681 3959 a
704 3904 935 3959 sinistra
969 3908 1129 3973 parte
1168 3903 1304 3958 olim
1331 3903 1671 3972 appositum,
1712 3919 1825 3956 una
1850 3918 1980 3955 cum
2019 3917 2166 3955 zona
2188 3901 2370 3970 periit.
2413 3909 2470 3954 ln
2496 3900 2730 3955 archivo
2756 3917 3040 3957 commun.

484 3995 615 4050 nob.
653 3995 722 4049 de
760 3993 1079 4063 Turopolje.
1116 3992 1388 4062 Sigillum,
1410 3992 1561 4061 quod
1587 3990 1885 4061 appendet,
1924 3994 2010 4045 est
2035 3992 2186 4045 [wan
2217 3989 2314 4044 filii
2355 3989 2606 4059 Gregorii
2629 3990 2854 4045 comitis
2883 3995 3042 4047 terr.:

486 4085 715 4141 exhibet
752 4083 997 4153 effigiem
1036 4082 1271 4151 arboria,
1308 4084 1413 4139 sub
1453 4098 1565 4152 qua
1600 4080 1853 4151 procedit
1890 4081 1962 4136 ad
2003 4082 2256 4135 dextram
2296 4083 2513 4149 partem
2551 4080 2734 4149 lupus,
2796 4078 3042 4135 Circum-

484 4174 631 4227 circa
670 4190 897 4229 currens
934 4171 1227 4245 inscriptio
1266 4172 1415 4226 haud
1456 4171 1562 4240 legi
1600 4174 1802 4241 potest.

703 4352 719 4380 ¹
752 4352 853 4407 sic.
930 4352 951 4381 ²
986 4351 1083 4405 sic.
1160 4352 1180 4381 ³
1218 4350 1299 4406 sic
1336 4350 1492 4415 (filii).
1541 4350 1778 4405 Inferius
1818 4349 2045 4420 saepius
2099 4350 2246 4405 idem
2289 4342 2480 4419 lapsus
2538 4350 2742 4404 calami
2783 4350 3041 4409 occurrit.

484 4442 505 4473 ⁴
541 4441 639 4497 sic.
718 4443 739 4470 ³
775 4441 857 4496 sic
913 4440 1151 4511 (quam).
1222 4438 1493 4497 Similiter
1552 4442 1786 4496 inferius
1843 4441 2070 4509 saepius
2129 4440 2386 4503 occurrit,
2447 4443 2638 4511 lapsus
2695 4440 2936 4511 „quem“
2987 4446 3044 4495 et

482 4530 837 4601 „quendam“
874 4547 979 4600 pro
1016 4532 1259 4600 „quam“
1297 4534 1353 4585 et
1392 4532 1764 4601 „quandam“.
1844 4532 1863 4559 ⁶
1901 4530 2154 4599 sequitur
2192 4529 2489 4598 „videlicet
2527 4530 2843 4600 maguam“,
2889 4530 3040 4599 quod

482 4623 679 4677 subtus
712 4619 939 4692 punctis
973 4619 1270 4691 signatum,
1310 4620 1548 4693 ideoque
1586 4621 2014 4679 eliminandum.
2089 4620 2108 4648 ⁷
2145 4620 2244 4676 sic.
2320 4622 2340 4649 ¹⁵
2375 4619 2438 4675 ln
2477 4620 2586 4675 hac
2616 4619 2764 4675 thesi
2803 4622 3040 4675 verbum

480 4710 865 4783 „munimine“
907 4710 1079 4769 deest.
