3917 5592
835 472 922 548 76

827 702 1025 761 lentes
1073 702 1381 781 quoslibet
1411 702 1474 763 in
1502 702 1778 781 ipsorum
1827 700 2064 764 iuribus
2111 684 2408 782 pacificos
2438 713 2503 765 et
2540 698 2748 765 illesos
2796 687 3203 780 conseruare,
3238 698 3388 785 quia

831 810 1020 870 iidem
1063 811 1321 889 Stoyko,
1391 813 1609 889 Mylko
1657 822 1718 873 et
1763 812 1936 871 Iwan
1986 806 2080 872 ac‘
2108 812 2301 873 ceteri
2345 813 2782 893 generacionis
2830 832 3047 873 eorum
3091 813 3392 887 homineS,

833 938 908 978 ex
957 919 1118 978 serie
1167 920 1471 979 dictarum
1517 920 1862 980 litterarum
1908 920 2143 981 domini
2190 920 2491 999 Stephani
2524 920 2693 1000 regis
2740 921 3215 1001 priuilegialium
3263 921 3393 981 veri

831 1024 1070 1085 nobiles
1141 1026 1508 1106 iobagiones
1557 1027 1743 1086 castri
1811 1027 1944 1086 fore
1995 1034 2057 1086 et
2100 1026 2293 1086 fuisse
2365 1028 2851 1105 reperiebantur,
2922 1028 3062 1088 ideo
3110 1028 3280 1106 ipsos
3330 1028 3391 1087 in

831 1133 1055 1191 eadem
1123 1133 1423 1192 libertatis
1469 1132 1890 1213 prerogatiua,
1960 1152 2088 1211 qua
2131 1153 2331 1212 vsque
2403 1154 2567 1194 nunc
2614 1153 2689 1193 ex
2738 1134 3181 1212 pre—missarum
3234 1135 3392 1195 litte-

831 1258 1040 1299 rarum
1087 1240 1318 1299 domini
1363 1240 1666 1317 Stephani
1713 1240 1881 1320 regis
1929 1240 2409 1320 priuilegialium
2440 1241 2658 1320 vigore
2708 1251 3050 1301 noscuntur
3096 1241 3391 1331 viguisse,

829 1346 1098 1407 banatus
1145 1348 1339 1406 nostri
1387 1346 1753 1407 auctoritate
1801 1346 2206 1426 relinquimus
2253 1348 2513 1425 pacifice
2559 1348 2869 1408 fruituros.
2964 1350 3030 1407 In
3080 1348 3255 1408 cuius
3300 1349 3391 1408 rei

831 1453 1166 1531 perennale
1214 1453 1650 1528 testimonium,
1698 1454 2093 1531 presentibus
2140 1454 2411 1535 sigillum
2456 1456 2724 1515 banatus
2770 1455 2966 1515 nostri
3012 1454 3391 1515 autenticum

833 1561 1122 1621 duximus
1173 1562 1671 1640 appendendum.
1761 1562 1997 1622 Datum
2044 1562 2375 1643 Zagrabie,
2447 1563 2545 1623 die
2594 1572 2817 1642 quarto
2872 1563 3390 1643 congregacionis

831 1676 1042 1729 nostre
1089 1678 1433 1747 prenotate,
1483 1688 1646 1729 anno
1693 1668 2035 1728 natiuitatis
2084 1670 2318 1751 domini
2364 1670 2689 1731 millesimo
2730 1670 3165 1731 trecentesimo
3213 1689 3390 1730 sexa-

832 1777 1093 1857 gesimo,

1043 1916 1086 1969 E
1123 1918 1475 1986 transumpto
1513 1916 1784 1976 Ludovici
1819 1918 1968 1987 regis
2005 1933 2055 1972 a.
2092 1917 2245 1973 1520.
2284 1916 2370 1972 11.
2396 1917 2554 1986 iunii,
2595 1918 2746 1986 quod
2783 1918 2986 1971 iterum
3024 1918 3393 1987 transumpsit

830 2004 979 2060 idem
1017 2021 1116 2059 rex
1155 2021 1204 2060 a.
1243 2004 1397 2061 1524.
1435 2002 1486 2059 4.
1527 2005 1853 2061 decembris,
1891 2008 1953 2060 ln
1992 2006 2228 2062 archivo
2265 2008 2397 2061 nob.
2426 2022 2709 2061 commun.
2751 2006 2819 2059 de
2858 2007 3177 2076 Turopoljc.

1051 2185 1064 2213 ¹
1103 2184 1199 2238 sic.
1275 2186 1296 2215 ²
1333 2185 1416 2238 sic
1455 2182 1735 2256 (nobiles).
1817 2187 1835 2215 ³
1870 2186 1952 2239 sic
1990 2185 2433 2255 (generacionis).
2508 2186 2529 2213 ⁴
2566 2170 2647 2239 sic
2686 2154 3019 2254 (homines),

2042 2486 2185 2559 ⁷8.

1041 2688 1224 2746 Anno
1280 2681 1463 2745 1363.
1521 2683 1570 2745 l.
1619 2684 1787 2745 maii.
1837 2685 2209 2766 Zagrabiae.
2332 2684 2339 2689 ’

833 2878 1085 2945 Coram
1141 2879 1483 2963 Gregorio
1527 2882 1592 2942 et
1640 2877 1987 2962 Stephano
2043 2878 2235 2963 filiis
2280 2879 2645 2957 Boromen,
2690 2879 3061 2944 comitibus
3122 2880 3380 2963 Zagra-

831 2985 1199 3063 hiensibus‚
1229 3008 1310 3049 ac
1341 2986 1546 3049 Petro
1581 2984 1744 3069 filio
1779 2984 2113 3069 Stephani
2144 2986 2433 3050 comiti-s*
2455 2987 2808 3050 terrestris
2838 2986 2919 3050 de
2956 2986 3211 3070 Campo
3258 2987 3385 3049 Za-

821 3092 1204 3177 grabiensi,
1252 3092 1502 3177 Scoyko
1539 3091 1750 3176 filius
1809 3092 2054 3156 Deuan
2088 3095 2154 3156 et
2185 3092 2465 3177 Mykech
2501 3092 2711 3177 filius
2750 3093 3045 3178 Myksae,
3094 3094 3381 3158 Petrum

807 3199 1120 3285 fratrem
1190 3200 1397 3263 Iaxae
1441 3199 1526 3263 ab
1591 3200 2016 3264 alienatione
2087 3198 2530 3284 quarundam
2580 3202 2933 3263 terrarum
2994 3197 3375 3283 prohibent.

1031 3400 1164 3459 Nos
1233 3398 1535 3478 magister
1599 3396 1946 3476 Gregorius
2010 3406 2072 3457 et
2132 3398 2488 3475 Stephanus
2564 3398 2671 3457 filii
2740 3398 3053 3458 Boromen
3122 3397 3381 3457 comites

817 3507 1280 3587 Zagrabienses
1329 3526 1403 3566 ac
1451 3508 1672 3567 Petrus
1743 3505 1904 3565 filius
1951 3505 2255 3583 Stephani
2322 3504 2565 3565 comitis
2612 3506 2924 3565 terrestris
2986 3506 3065 3565 de
3135 3503 3381 3583 Campo

817 3615 1114 3675 memorie
1164 3614 1692 3687 commendamuS,
1764 3614 1934 3691 quod
1980 3613 2230 3689 Scoyko
2296 3612 2459 3672 filius
2508 3614 2729 3672 Deuan
2779 3622 2840 3672 et
2886 3613 3159 3689 Mykech
3220 3612 3381 3671 filius

818 3723 1045 3799 Mykse
1087 3723 1164 3781 de
1213 3721 1513 3780 Lukouch
1545 3722 1624 3780 de
1653 3718 1899 3797 Campo
1946 3717 2379 3799 Zagrabiensi,
2428 3718 2491 3777 in
2538 3718 2667 3778 suis
2701 3727 2763 3779 et
2796 3718 3055 3777 aliorum
3104 3719 3379 3796 ipsorum

819 3828 1254 3908 generacionis
1301 3826 1621 3887 hominum
1669 3827 1748 3885 de
1790 3827 2016 3885 eadem
2062 3825 2347 3904 personis
2382 3825 2463 3884 ad
2496 3834 2773 3885 nostram
2823 3826 3196 3885 accedentes
3242 3843 3381 3902 pre·

819 3936 1113 4009 senciam,
1183 3936 1362 3995 nobis
1408 3953 1522 4013 per
1567 3934 1824 3993 modum
1891 3932 2370 4011 protestacionis
2418 3941 2717 3991 curarunt
2766 3932 3141 4011 significare,
3210 3932 3377 4009 quod

819 4051 1003 4121 prout
1048 4044 1166 4121 ipsi
1212 4042 1638 4121 percepissent
1695 4042 1919 4101 Petrus
1964 4040 2158 4100 frater
2203 4042 2349 4100 laxe
2402 4041 2709 4118 quasdam
2753 4040 3083 4118 porciones
3130 4057 3376 4117 posses·

819 4149 1123 4211 sionarias
1193 4150 1508 4228 quondam
1578 4149 1915 4209 Dobrouch
1965 4157 2027 4207 et
2080 4148 2319 4207 Peruos
2389 4147 2656 4207 filiorum
2726 4148 2949 4207 Mareu
3012 4147 3090 4206 de
3154 4146 3375 4205 eadem

818 4238 1164 4333 Loltouch,¹
1229 4258 1308 4316 ad
1356 4256 1558 4335 ipsum
1628 4256 1901 4334 quodam
1947 4256 2135 4314 modo
2206 4255 2551 4329 deuolutaS,
2600 4273 2765 4314 nunc
2812 4254 3185 4332 quibusdam
3242 4252 3377 4311 aliis

819 4366 1140 4424 cautulose
1186 4365 1436 4424 tradere
1483 4372 1546 4424 et
1577 4383 1614 4423 a
1646 4382 1715 4422 se
1764 4364 2039 4424 alienare
2086 4370 2456 4435 necteretur,
2512 4382 2633 4440 que
2681 4356 2924 4421 tamen²
2970 4360 3075 4420 diu
3122 4359 3371 4420 racione

817 4472 1113 4550 patruelis
1179 4471 1598 4545 fraternitatiS,
1669 4490 1859 4550 quarn
1913 4470 2209 4550 contigue
2278 4469 2611 4529 vicinitatis
2682 4478 2745 4529 et
2814 4467 3371 4528 commetaneitatis

817 4580 1021 4660 magis
1068 4579 1220 4658 ipsis
1265 4598 1452 4656 quam
1503 4578 1636 4637 aliis
1683 4577 2060 4656 quibuslibet
2107 4577 2187 4636 ad
2220 4577 2555 4637 emendum
2602 4578 2700 4636 vel
2748 4596 2861 4654 pro
2907 4576 3172 4656 pignore
3220 4574 3373 4634 reci·

817 4690 1111 4767 piendum
1164 4695 1226 4746 et
1290 4686 1409 4747 alio
1481 4685 1840 4745 racionabili
1907 4685 2096 4744 modo
2145 4685 2226 4744 ad
2272 4684 2633 4743 habendum
2702 4693 3138 4763 congruerent,
3209 4682 3374 4741 vnde

815 4796 980 4856 facta
1025 4794 1379 4854 huiusmodi
1425 4792 1882 4871 protestacione
1929 4792 2118 4852 iidem
2185 4785 2475 4869 Skoyko³
2522 4801 2583 4850 et
2630 4792 2902 4867 Mykech
2951 4810 3066 4849 suo
3112 4788 3374 4867 viceque

815 4912 878 4963 et
945 4902 1194 4962 nomine
1266 4887 1526 4961 aliorum
1599 4900 1762 4959 dicte
1832 4900 2270 4979 generacionis
2338 4918 2557 4959 eorum
2619 4899 2955 4972 hominum,
3024 4897 3373 4976 predictum

815 5012 1068 5070 Petrum
1117 5008 1370 5069 fratrem
1440 5008 1618 5067 Iaxse
1668 5026 1706 5066 a
1755 5006 2138 5079 vendicione‚
2211 5005 2743 5085 impignoracione
2792 5012 2855 5064 et
2902 5004 3022 5065 alia
3090 5003 3365 5082 qualibet
