3917 5592
3026 464 3167 529 ,291

619 701 809 762 quam
857 682 991 761 ipse
1052 682 1302 743 Blasius
1359 681 1740 760 Mayhenich
1797 682 2121 761 hucusque
2179 682 2383 742 minus
2432 681 2591 742 iuste
2652 691 3073 761 occupaverat
3120 691 3181 742 et

619 785 1001 868 possidebat,
1036 809 1177 849 cum
1226 789 1350 851 alia
1394 788 1728 851 medietate
1778 808 1997 850 earum
2042 789 2511 868 possessionum
2561 797 2623 850 et
2646 789 3010 868 porcionum
3034 809 3175 868 pos-

616 895 1079 971 sessionarium,
1126 917 1340 975 ymmo
1387 898 1558 975 ipsas
1605 916 1822 958 omnes
1870 896 2305 975 possessiones
2354 905 2416 957 et
2460 896 2790 975 porciones
2830 898 3173 975 possessio-

619 1003 830 1064 narias
876 1004 1187 1083 prenotati
1233 1004 1412 1064 Pauli
1458 1006 1680 1085 Wrag,
1727 1004 1786 1063 in
1835 1004 2119 1084 predicta
2165 1003 2443 1065 Inferiori
2505 1004 2886 1083 Lompnicza
2934 1012 2997 1064 et
3043 1004 3177 1064 eius

616 1130 839 1189 campo
890 1118 954 1171 et
979 1110 1287 1171 territorio
1320 1131 1394 1171 ac
1426 1111 1825 1189 pertinenciis
1873 1111 2119 1172 habitas
2149 1118 2213 1171 et
2244 1111 2598 1186 existenteS,
2641 1111 2863 1191 quovis
2911 1111 3177 1171 nominis

620 1219 925 1280 vocabulo
974 1219 1297 1289 vocitataS,
1347 1240 1489 1279 cum
1537 1238 1754 1280 earum
1787 1219 2026 1279 cunctis
2074 1219 2438 1280 utilitatibus
2486 1227 2550 1279 et
2601 1219 2999 1299 pertinenciis
3046 1218 3177 1279 uni-

615 1326 832 1403 versiS,
879 1328 1158 1405 predicto
1206 1328 1494 1411 Emerico
1544 1328 1739 1387 actori
1786 1336 1848 1387 et
1894 1327 2045 1405 ipsis
2101 1326 2393 1387 fratribus
2454 1326 2602 1401 suis,
2649 1335 2779 1387 tam
2826 1326 3179 1387 carnalibus

611 1454 800 1515 quam
825 1446 830 1451 ’
846 1434 1247 1515 patruelibuS,
1309 1442 1633 1515 tamquam
1702 1434 1867 1495 veris
1931 1434 2419 1514 consangvineis
2465 1442 2529 1495 et
2573 1434 2865 1494 fratribus
2929 1442 3177 1513 patrue-

610 1542 770 1603 libus
842 1562 917 1601 ac
981 1542 1314 1602 heredibus
1379 1536 1778 1623 propinguis⁴
1839 1542 2104 1621 sepefati
2174 1542 2442 1601 condam
2511 1541 2688 1602 Pauli
2758 1544 2977 1623 Wrag,
3052 1542 3176 1603 fine

613 1649 821 1711 debito
892 1658 956 1711 et
1028 1652 1320 1710 concluso
1391 1650 1894 1725 determinanteS,
1964 1650 2233 1710 finaliter
2302 1643 2818 1709 adiudicaverunt
2874 1658 3177 1728 perpetuo

615 1758 1061 1838 possidendam
1108 1766 1172 1818 et
1218 1746 1781 1838 quomodocunque
1837 1758 2037 1818 ‘iuxta'
2068 1758 2247 1838 regni
2311 1757 2824 1818 consvetudinem
2871 1757 3177 1817 voluerint

615 1866 1103 1945 disponendam;
1151 1866 1466 1945 predictas
1513 1866 1724 1947 itaque
1769 1867 2009 1927 litteras
2071 1886 2290 1927 omnes
2338 1866 2532 1945 ipsius
2596 1864 2865 1925 Emerici
2916 1865 3175 1940 -actoriS,

614 1964 938 2052 tamquam
999 1973 1160 2033 bene
1224 1982 1289 2033 et
1354 1972 1518 2034 licite
1584 1982 1911 2035 emanatas
1980 1974 2041 2034 in
2111 1993 2227 2034 suo
2288 1974 2508 2054 vigore
2578 1991 2903 2033 remanere
2952 1981 3014 2032 et
3058 1973 3176 2051 ipsi

611 2082 898 2141 Emerico
947 2100 1021 2140 ac
1070 2079 1248 2141 dictis
1294 2080 1587 2141 fratribus
1635 2082 1765 2141 suis
1813 2081 2197 2162 integraliter
2255 2081 2433 2142 reddi
2478 2089 2542 2141 et
2602 2080 2840 2141 restitui
2904 2100 2979 2140 ac
3040 2080 3175 2140 dari

615 2188 846 2249 debere
893 2189 1324 2263 decreverunt,
1372 2188 1543 2268 ipsas
1581 2197 1804 2250 autem
1850 2188 2087 2249 litteras
2134 2208 2353 2249 omnes
2399 2197 2531 2250 tam
2578 2187 2937 2248 statutorias
2984 2186 3173 2266 quam

613 2295 766 2355 alias
828 2295 1140 2375 quaslibet
1199 2294 1394 2381 ipsius
1458 2295 1651 2356 Blasii
1715 2296 1959 2371 actoriS,
2025 2304 2346 2375 tamquam
2396 2295 2600 2357 illicite
2657 2303 2718 2356 et
2763 2296 2967 2355 minus
3015 2295 3173 2354 iuste

610 2410 956 2476 emanataS,
1003 2402 1252 2480 penitus
1299 2418 1516 2463 cassas
1566 2411 1630 2463 et
1674 2412 1953 2465 mortuas
2004 2423 2079 2463 ac
2112 2404 2339 2484 dignas
2386 2403 2799 2464 distraccione
2847 2410 2911 2463 et
2942 2401 3171 2462 anichi-

610 2502 902 2584 lacione,²
933 2528 1147 2586 ymmo
1216 2510 1463 2588 penitus
1533 2520 1595 2571 et
1641 2511 1894 2582 omnino
1966 2511 2155 2591 digne
2220 2512 2484 2572 lacerari
2530 2519 2593 2570 et
2639 2510 2896 2570 distrahi
2943 2510 3173 2569 debere

610 2619 1038 2691 decreverunt,
1087 2625 1150 2676 et
1195 2617 1338 2677 licet
1384 2617 1509 2677 iam
1556 2617 1691 2696 ipse
1739 2617 2065 2679 Emericus
2130 2627 2305 2679 actor
2369 2638 2511 2678 cum
2575 2617 2831 2697 prefatis
2877 2616 3170 2677 tratribus

609 2718 739 2785 suis
787 2724 955 2785 iuxta
1003 2724 1347 2803 predictam
1396 2726 1646 2785 finalem
1694 2723 2305 2799 determinacionem,
2353 2726 2733 2787 decisionem
2798 2732 2862 2786 et
2924 2726 3170 2785 conclu-

606 2831 846 2893 sionem
893 2831 1086 2910 ipsius
1135 2852 1343 2907 cause,
1405 2852 1520 2915 per
1579 2834 1856 2912 prefatos
1919 2834 2378 2895 examinatores
2442 2841 2504 2893 et
2566 2833 2963 2914 conclusores
3018 2832 3169 2911 ipsis

608 2940 797 2999 modo
842 2939 1148 3018 premisso
1195 2940 1445 3015 factam,
1492 2942 1768 3021 prefatas
1816 2960 2035 3009 omnes
2081 2940 2515 3021 possessiones
2548 2949 2612 3001 et
2649 2940 2979 3019 porciones
3026 2959 3167 3017 pos-

608 3046 1018 3107 sessionarias
1077 3046 1273 3127 ipsius
1330 3049 1598 3108 condam
1658 3048 1835 3109 Pauli
1880 3051 2103 3129 Wrag,
2152 3048 2213 3109 in
2274 3049 2556 3128 predicta
2614 3047 2893 3107 Inferiori
2939 3049 3167 3125 Lomp-

608 3148 784 3213 nica-'³
830 3160 894 3213 et
955 3153 1088 3214 eius
1153 3174 1394 3233 camp0,
1456 3163 1523 3214 ut
1581 3156 1917 3234 predicitur
1978 3156 2241 3230 habitas,
2304 3154 2610 3233 premisso
2658 3155 2789 3214 iure
2838 3153 3172 3214 nobilitatis

607 3260 982 3321 hereditario
1016 3261 1422 3321 dinoscuntur
1467 3264 1808 3341 possidere,
1856 3271 2063 3323 tamen
2111 3264 2259 3343 quia
2304 3263 2581 3341 prefatus
2615 3262 2861 3322 Blasius
2907 3262 3169 3338 Mayhe·

615 3368 780 3445 nych
829 3386 906 3427 eo
953 3376 1250 3447 tempore,
1299 3370 1445 3429 dum
1492 3370 1837 3449 predictam
1868 3371 2271 3432 medietatem
2316 3369 2841 3449 possesionariam
2896 3368 3171 3446 ipsarum

607 3473 1088 3553 possessionum
1137 3484 1199 3535 et
1243 3476 1609 3554 porcionum
1655 3478 2293 3555 possessionariamm
2340 3498 2453 3556 pro
2501 3496 2569 3537 se
2616 3477 2753 3555 ipso
2798 3477 2987 3536 modo
3033 3496 3169 3554 pre-

609 3581 776 3641 dicto
827 3592 1217 3661 occupasset,
1265 3592 1413 3643 tunc
1461 3586 1728 3645 eandem
1775 3585 2177 3645 medietatem
2223 3585 2787 3664 possessionariam
2827 3583 2903 3644 in
2951 3583 3175 3643 maiori

609 3688 743 3749 eius
771 3698 950 3767 parte
999 3691 1078 3750 ab
1125 3690 1259 3765 illis,
1308 3691 1534 3771 quibus
1580 3711 1693 3770 per
1723 3692 1962 3771 priores
1998 3692 2336 3773 legittimos
2370 3692 2503 3752 eius
2536 3710 2935 3770 possessores
2967 3690 3173 3750 fuerat

605 3798 1020 3881 inpignorata,
1066 3818 1179 3877 pro
1227 3798 1447 3879 viginti
1494 3799 1765 3879 quinque
1814 3800 2065 3859 florenis
2114 3800 2265 3875 auri,
2313 3820 2457 3859 cum
2502 3799 2767 3879 propriis
2800 3801 2928 3860 suis
2975 3819 3162 3878 pecu-

597 3907 723 3966 niis
771 3906 1158 3982 redemisset,
1205 3914 1268 3967 et
1315 3906 1405 3966 sic
1438 3906 1609 3985 ipsas
1656 3906 1956 3985 pecunias
2006 3927 2155 3967 suas
2201 3908 2486 3987 proprias
2534 3908 2614 3967 ad
2663 3908 3169 3986 redempcionem

605 4013 800 4093 ipsius
847 4013 1198 4075 medietatis
1245 4013 1740 4093 possessionarie
1789 4016 2219 4093 expendendo,
2268 4016 2534 4075 eandem
2584 4015 2983 4077 medietatem
3024 4036 3167 4095 pos-

607 4120 1050 4182 sessionariam
1113 4120 1192 4180 ab
1254 4120 1392 4200 ipsa
1453 4121 1966 4202 inpignoracione
2030 4122 2368 4197 eliberavit,
2445 4130 2507 4182 et
2572 4123 2719 4202 quia
2776 4123 2975 4183 eciam
3036 4124 3171 4201 ipse

607 4228 853 4289 Blasius
899 4228 1301 4305 Mayhenych
1345 4228 1598 4307 propria
1646 4248 1760 4289 sua
1791 4228 1854 4289 in
1886 4248 2175 4308 persona,
2221 4230 2339 4307 hys
2371 4230 2651 4308 proxime
2686 4230 2914 4309 elapsis
2948 4231 3168 4291 diebus

609 4336 775 4396 circa
820 4336 1168 4415 predictum
1211 4336 1569 4397 Emericum
1617 4345 1892 4397 actorem
1941 4345 2006 4397 et
2051 4336 2217 4397 circa
2262 4338 2575 4415 predictos
2622 4338 2846 4398 fratres
2894 4356 3059 4410 suOS,
3107 4337 3168 4396 in

609 4445 1075 4522 possessionem
1123 4444 1514 4505 dominorum
1545 4446 1796 4524 capituli
1843 4446 2288 4526 Zagrabiensis
2323 4444 2679 4525 supradicti,
2714 4447 3027 4523 Dulsycza
3061 4464 3165 4504 vo-

608 4559 830 4626 catam,
877 4552 981 4612 ubi
1028 4532 1162 4632 ipse
1209 4554 1533 4615 Emericus
1580 4574 1722 4614 cum
1755 4553 1934 4615 dictis
1967 4554 2260 4614 fratribus
2287 4554 2415 4614 suis
2448 4554 2773 4615 habitabat
2806 4554 3163 4628 ambulavit,

608 4659 813 4738 ibique
884 4679 995 4721 eos
1043 4668 1364 4739 tamquam
1428 4662 1827 4741 propinquOS,
1891 4662 2395 4742 consangviueos
2460 4670 2523 4722 et
2585 4661 2809 4723 fratres
2856 4663 3171 4741 patrueles

606 4767 829 4845 prefati
853 4768 1118 4829 condam
1143 4770 1321 4829 Pauli
1341 4770 1545 4851 Wrag
1570 4770 1704 4830 fore
1731 4771 2049 4831 affirmans
2076 4780 2138 4831 et
2162 4789 2468 4845 asserenS,
2504 4772 2582 4831 ad
2607 4771 3079 4849 prosequendas
3106 4778 3168 4829 et

607 4875 1008 4953 occupandas
1039 4876 1210 4954 ipsas
1241 4878 1674 4954 possessiones
1708 4886 1770 4937 et
1792 4877 2123 4957 porciones
2158 4878 2687 4956 possessionarias
2721 4877 2866 4937 dicti
2899 4877 3166 4939 condam

607 4981 786 5045 Pauli
844 4982 1050 5069 Wrag
1109 4984 1374 5065 vocavit,
1439 4991 1502 5050 et
1562 4986 1642 5049 ad
1705 4986 1962 5052 easdem
2027 4985 2460 5071 possessiones
2520 4984 2831 5063 conduxit,
2904 4985 3169 5071 ideoque
