3917 5592
745 1361 932 1421 Anno
989 1357 1172 1421 1397.
1221 1356 1282 1420 3.
1327 1359 1638 1421 februarii.

543 1554 951 1640 Capitulum
983 1554 1303 1619 ecclesiae
1337 1552 1802 1631 Cha-emensi&
1849 1554 2137 1619 Detrico
2170 1552 2403 1620 Bubek
2451 1555 2653 1641 regni
2684 1554 3099 1619 Sclauoniae

530 1661 722 1739 ban0,
769 1662 851 1726 de
895 1664 1172 1746 peracta
1217 1661 1550 1727 citatione
1596 1660 1932 1746 Stephani
1981 1683 2064 1726 ac
2121 1662 2447 1727 Ladislai
2494 1661 2821 1747 filiorum
2882 1662 3095 1727 Bene-

532 1769 710 1835 dicti
772 1772 836 1835 et
909 1768 1243 1856 Gregorii
1295 1768 1450 1855 filii
1523 1768 1904 1855 Mychaelis
1965 1769 2047 1834 de
2114 1768 2328 1849 odra,
2398 1772 2640 1835 contra
2710 1768 3095 1854 capitulum

1429 1876 1913 1963 Zagrabiense‚
1958 1878 2193 1964 refert.
3059 1898 3066 1903 ·

748 2078 1098 2158 Magnifice
1158 2077 1295 2138 viro
1365 2077 1616 2138 domino
1681 2078 1936 2138 Detrico
1999 2077 2221 2139 Bubek
2282 2078 2464 2159 regni
2525 2078 2859 2139 Sclauonie
2927 2078 3095 2139 bano

540 2187 742 2247 amico
793 2188 1072 2267 ipsorum
1135 2186 1502 2247 honorando
1566 2186 1903 2265 capitulum
1968 2186 2230 2246 ecclesie
2278 2185 2687 2246 Chasmensis
2752 2185 3098 2245 amiciciam

537 2302 828 2373 paratam
879 2314 1020 2355 cum
1066 2291 1321 2355 honore.
1369 2293 1634 2354 Nouerit
1678 2300 1890 2354 vestra
1924 2292 2208 2354 amicicia
2252 2312 2369 2353 nos
2416 2292 2683 2372 receptis
2728 2291 2945 2352 litteris
2990 2311 3097 2351 ve-

535 2402 678 2462 stris
734 2402 1036 2463 citatoriis
1083 2420 1196 2481 pro
1243 2408 1422 2481 parte
1466 2400 1848 2461 honorabilis
1897 2400 2149 2480 capituli
2181 2400 2445 2462 ecclesie
2491 2399 2938 2481 Zagrabiensis
2984 2418 3094 2459 no-

537 2510 662 2569 bis,
685 2509 957 2585 directiS‚
1004 2528 1276 2569 vnacum
1323 2508 1582 2569 Andrea
1625 2507 1752 2569 filio
1811 2508 2056 2568 Nicolai
2102 2508 2181 2569 de
2228 2508 2591 2585 Zrymerya,
2636 2506 2888 2567 homine
2926 2506 3096 2567 -eius-

537 2618 678 2679 dem
736 2626 945 2679 vestre
977 2616 1457 2699 magnificencie
1503 2617 1567 2676 in
1615 2616 1853 2677 eisdem
1885 2616 2103 2676 litteris
2148 2616 2375 2677 vestris
2422 2616 2583 2677 inter
2615 2616 2769 2675 alios
2814 2614 3099 2676 homines

544 2732 791 2786 vestros
839 2725 1208 2786 nominatim
1257 2724 1628 2804 conscript0‚
1689 2732 1975 2784 nostrum
2019 2723 2353 2797 hominem,
2415 2722 2706 2784 videlicet
2766 2722 3100 2784 discretum

541 2832 745 2893 virum
792 2833 1118 2894 dominum
1179 2832 1567 2893 Anthonium
1629 2832 2045 2911 presbiterum
2105 2832 2279 2892 chori
2346 2832 2541 2892 nostri
2600 2830 3101 2911 prebendarium,

541 2942 623 3003 ad
670 2942 871 3021 ipsam
940 2942 1309 3003 citacionem
1373 2941 1744 3016 faciendam,
1806 2948 2022 3001 nostro
2084 2959 2197 3020 pro
2259 2940 2615 3001 testimonio
2680 2939 3101 3000 transmisisse

535 3049 954 3129 fidedignum,
1015 3049 1120 3129 qui
1166 3049 1420 3110 demum
1485 3049 1708 3110 exinde
1758 3049 1838 3110 ad
1885 3068 2003 3109 nos
2065 3048 2302 3109 reversi
2350 3056 2413 3108 et
2459 3066 2573 3127 per
2617 3067 2735 3108 nos
2802 3046 3097 3127 requisiti,

536 3155 718 3216 nobis
777 3174 935 3216 voce
983 3174 1262 3216 consona
1308 3157 1665 3231 retulerunt,
1728 3156 1896 3236 quod
1942 3155 2062 3235 ipsi
2128 3155 2283 3216 feria
2330 3152 2547 3235 quinta
2603 3154 2889 3233 proxima
2954 3161 3098 3215 ante

539 3263 774 3323 festum
839 3262 1299 3342 purificacionis
1367 3263 1628 3343 virginis
1675 3264 1965 3344 gloriose,
2035 3264 2314 3342 proxime
2380 3264 2679 3341 elapsum,
2729 3263 3101 3323 accedentes

543 3369 776 3450 pariter
837 3370 918 3431 ad
977 3370 1542 3450 possessionariam
1605 3370 1968 3450 porcionem
2030 3370 2332 3449 Stephani
2391 3377 2453 3430 et
2496 3369 2774 3430 Ladislai
2834 3369 3100 3430 filiorum

547 3477 872 3539 Benedicti
920 3485 982 3537 et
1027 3477 1321 3558 Gregorii
1353 3478 1460 3538 filii
1485 3478 1834 3556 Mychaelis
1881 3478 1961 3538 de
2011 3477 2203 3553 Odra,
2250 3478 2313 3537 in
2358 3477 2759 3557 possessione
2790 3476 3100 3537 Petrouch

541 3593 788 3660 vocata,
833 3584 1114 3646 habitam
1161 3591 1224 3643 et
1269 3584 1654 3660 existentem,
1703 3593 1766 3645 et
1810 3584 2043 3645 ibidem
2088 3582 2367 3664 prefatus
2398 3584 2586 3644 homo
2617 3591 2827 3645 vestre
2858 3583 3101 3665 magni-

541 3694 821 3768 ficencie,
869 3699 1160 3772 presente
1210 3692 1375 3752 dicto
1421 3699 1634 3752 nostro
1682 3692 2056 3767 testimoniO,
2110 3692 2366 3752 citasset
2412 3692 2671 3753 eosdem
2714 3692 3103 3771 Stephanum

547 3810 609 3863 et
655 3802 1016 3862 Ladislaum
1062 3800 1222 3861 filios
1271 3800 1594 3861 Benedicti
1641 3809 1705 3862 et
1751 3800 2129 3881 Gregorium
2174 3799 2369 3861 filium
2425 3800 2751 3860 Michaelis
2799 3800 2879 3861 de
2927 3800 3102 3861 Odra

549 3918 766 3970 contra
814 3910 1046 3970 dictum
1093 3909 1458 3970 honorabile
1506 3908 1846 3989 capitulum
1893 3908 2157 3969 ecclesie
2218 3908 2665 3990 Zagrabiensis
2714 3908 2795 3968 ad
2842 3915 3101 3968 octauas

545 4020 692 4097 diey
738 4018 1035 4093 cinerum,
1081 4018 1363 4096 proxime
1426 4026 1741 4092 venturae,
1789 4017 1960 4077 iuxta
2009 4024 2293 4077 tenorem
2355 4017 2696 4077 earundem
2758 4016 3101 4077 litterarum

543 4134 895 4187 vestrarum
944 4125 1382 4186 citatoriarum.
1431 4125 1664 4185 Datum
1695 4124 1891 4184 tercio
1939 4123 2040 4183 die
2094 4123 2415 4184 citacionis
2446 4122 2743 4203 predicte,
2794 4141 2957 4183 anno
2990 4122 3099 4182 do-

543 4234 693 4294 mini
738 4228 855 4293 M⁰.
903 4226 1125 4293 CCC0.
1176 4232 1590 4313 nonagesimo
1636 4231 1918 4311 septim0.
2460 4210 2481 4225 ⁰

767 4342 853 4401 In
899 4341 1186 4402 dorso:
1233 4341 1438 4422 Regni
1500 4339 1833 4402 Sclauonie
1899 4339 2067 4399 bano
2128 4358 2243 4418 pro
2306 4338 2628 4417 Stephano
2691 4345 2755 4399 et
2812 4337 3105 4398 Ladislao

547 4448 690 4509 filiis
737 4448 1058 4509 Benedicti
1108 4457 1170 4509 et
1215 4448 1524 4529 Gregorio
1559 4448 1685 4509 filio
1715 4446 2065 4525 Mychaelis
2112 4447 2191 4507 de
2239 4444 2432 4520 Odra,
2479 4453 2698 4506 contra
2742 4444 3107 4506 honorabile

550 4556 888 4635 capitulum
936 4555 1198 4616 ecclesie
1261 4556 1723 4637 ZagrabiensiS,
1773 4555 1854 4615 ad
1900 4562 2159 4613 octauas
2209 4552 2352 4630 diey
2400 4551 2679 4613 cinerum
2741 4570 2907 4612 nunc
2956 4570 3103 4613 ven-

548 4671 738 4737 turaS,
787 4662 969 4741 copia
1017 4662 1352 4725 citacioniS.

773 4800 1056 4871 originale
1083 4804 1460 4871 chartaceum,
1498 4818 1535 4856 a
1573 4807 1727 4871 tergo
1767 4802 1824 4857 in
1852 4802 2105 4870 margine
2131 4800 2384 4871 appresai
2431 4799 2598 4869 sigilli
2626 4798 2944 4876 vestigium,
2994 4813 3106 4867 quo

546 4892 710 4947 litera
756 4893 950 4947 clausa
987 4894 1124 4961 erat,
1163 4896 1412 4960 apparet.
1451 4892 1512 4945 In
1554 4892 1785 4947 archivo
1823 4892 1980 4960 regni
2020 4891 2355 4960 Hungariae,
2394 4888 2792 4957 Budapestini:
2832 4887 2901 4941 M.
2942 4884 3004 4941 Ο.
3044 4886 3105 4942 D.

546 4982 606 5037 L.
643 4980 874 5051 35203„
915 4981 1050 5036 olim
1091 4980 1350 5038 collectio
1389 4978 1618 5036 loannis
1657 4980 2003 5051 Kukuljevic.
