3917 5592
2976 443 3104 505 317

549 658 864 737 Georgius
911 652 1050 717 filii²
1113 658 1355 717 Thome
1420 658 1497 717 de
1545 652 1967 731 kaawecz³‚
2028 658 2427 737 Kyungychy
2476 659 2639 731 dicti,
2688 659 2769 717 ad
2831 668 3105 717 nostram

546 763 958 842 personaliter
1005 764 1327 823 venientes
1387 764 1796 841 presenciam,
1861 763 2131 823 confessi
2193 771 2337 823 sunt
2382 764 2447 823 in
2492 764 2658 823 hunc
2718 765 2991 837 modum,
3040 773 3107 824 ut

547 870 662 948 ipsi
710 872 1028 948 quandam
1077 871 1326 931 vineam
1360 890 1577 931 eorum
1605 871 1665 929 in
1699 870 2056 931 territhorio
2104 890 2217 931 seu
2264 870 2663 948 pertinenciis
2712 870 2855 929 ville
2902 870 3102 929 Kosz-

548 974 946 1054 tanyewecz⁴
995 987 1234 1052 vocate,
1297 978 1455 1039 inter
1503 986 1732 1038 terram
1783 979 2083 1038 arabilem
2132 978 2555 1038 universitatis
2604 997 2716 1037 seu
2764 977 3104 1037 communi·

548 1085 690 1144 tatis
738 1085 1034 1171 nobilium
1084 1086 1162 1145 de
1185 1076 1488 1145 ⁵Inferiori
1554 1085 1935 1163 Lompnicza
1983 1086 2062 1145 ab
2112 1084 2394 1146 orientali
2455 1093 2651 1162 parte,
2700 1092 2763 1144 et
2806 1084 2967 1144 inter
3013 1084 3103 1143 vi·

553 1211 737 1252 neam
772 1194 852 1252 de
883 1211 1049 1253 novo
1078 1193 1421 1272 plantatam
1455 1191 1708 1251 Antonii
1748 1190 2229 1269 Banekowych⁶
2260 1192 2700 1272 cognominati,
2734 1193 2794 1252 in
2827 1193 3105 1271 predicta

548 1300 932 1379 Lompnicza
994 1300 1272 1360 Inferiori
1333 1300 1628 1373 habitam,
1691 1300 2033 1380 vulgariter
2095 1296 2401 1380 Odkopp⁶
2459 1309 2765 1375 vocatam,
2830 1321 2869 1363 a
2930 1310 3107 1380 parte

547 1406 914 1467 occidentali
944 1407 1219 1467 habitam
1252 1415 1316 1466 et
1360 1404 2023 1485 existentem,desuper
2074 1402 2146 1467 a⁷
2203 1408 2306 1468 via
2338 1408 2652 1468 communi
2699 1406 2771 1468 a⁸
2818 1408 3103 1469 meridio-

548 1514 671 1573 nali
715 1522 893 1591 parte
932 1512 1319 1587 existentem,
1369 1522 1430 1573 et
1476 1514 1636 1574 intra
1683 1533 1881 1593 usque
1930 1514 2196 1574 rivulum
2246 1535 2358 1575 seu
2407 1523 2683 1575 meatum
2731 1523 2839 1575 aut
2885 1517 3103 1577 decur-

547 1641 685 1680 sum
719 1640 880 1699 aque
913 1621 1198 1708 pluvialis
1248 1642 1286 1681 a
1330 1630 1508 1699 parte
1542 1622 2031 1701 septemtrionali
2065 1622 2432 1682 existentem
2481 1642 2595 1682 seu
2626 1624 3102 1701 protendentem

545 1730 680 1790 sive
709 1731 1162 1804 extendentem,
1211 1730 1393 1789 simul
1427 1750 1568 1790 curn
1600 1731 1888 1790 omnibus
1923 1730 2209 1791 eiusdem
2236 1730 2419 1789 vinee
2452 1750 2669 1791 eorum
2718 1730 3103 1805 utilitatibus,

546 1838 798 1911 iuribuS,
845 1838 1078 1911 usibuS,
1141 1838 1562 1917 proventibu8‚
1625 1837 2159 1898 fructuositatibus
2208 1846 2269 1897 et
2318 1837 2713 1916 pertinenciis
2779 1838 3103 1911 universiS,

549 1944 800 2004 Vrbano
869 1953 931 2004 et
994 1944 1266 2019 Andree,
1334 1945 1577 2004 Thome
1639 1945 1779 2004 filiis
1843 1944 2203 2020 Clementis;
2272 1944 2711 2023 iobagionibus
2774 1961 2992 2003 eorum
3038 1943 3099 2002 in

547 2051 826 2128 predicta
887 2051 1031 2111 villa
1093 2052 1650 2129 Kosztanyewecz,
1696 2052 1760 2112 in
1807 2052 2207 2130 porcionibus
2272 2070 2489 2111 eorum
2552 2051 3099 2125 commorantibuS,

548 2177 623 2218 ac
668 2178 782 2237 per
828 2160 1084 2219 eosdem
1133 2160 1408 2238 ipsorum
1457 2160 1790 2221 heredibus
1850 2180 2046 2220 causa
2092 2160 2381 2239 specialis
2432 2159 2777 2219 annuencie
2826 2168 2890 2218 et
2935 2178 3101 2219 com-

547 2266 862 2343 placencie
935 2286 1169 2341 eorum,
1238 2267 1388 2344 ipsis
1461 2268 1749 2328 videlicet
1819 2269 2021 2341 Gallo,
2090 2268 2433 2327 Benedicto
2506 2275 2566 2327 et
2634 2267 2955 2345 Stephano
3027 2285 3101 2326 ac

547 2374 824 2453 Georgio
869 2372 1011 2433 filiis
1058 2374 1251 2452 ipsius
1300 2374 1559 2449 Thome,
1607 2393 1721 2453 per
1764 2377 2039 2453 prefatos
2070 2375 2411 2449 Vrbanum,
2458 2374 2779 2434 Andream
2828 2381 2891 2434 et
2936 2374 3100 2434 Tho-

545 2499 728 2555 mam,
762 2480 920 2539 filios
969 2480 1116 2539 dicti
1147 2480 1490 2540 Clementis
1538 2490 1602 2542 et
1645 2481 2031 2559 temporibus
2059 2482 2211 2560 ipsis
2244 2481 2615 2541 necessariis
2664 2481 3101 2541 occurentibus

545 2588 772 2664 pluries
837 2588 1125 2661 exhibite,
1189 2588 1352 2649 facte
1400 2596 1464 2649 et
1526 2589 1824 2673 impense,
1891 2590 2234 2650 donassent
2300 2598 2363 2650 et
2408 2590 2861 2668 propinassent,
2912 2590 3099 2649 immo

545 2696 939 2754 donaverunt
985 2704 1046 2754 et
1092 2696 1582 2774 propinaverunt
1645 2714 1856 2756 coram
1905 2697 2085 2757 nobis
2133 2697 2264 2757 iure
2330 2706 2631 2776 perpetuo
2680 2706 2742 2757 et
2789 2697 3096 2757 irrevoca-

544 2801 745 2861 biliter
810 2802 1272 2880 possidendam,
1339 2805 1673 2864 tenendam
1741 2804 1974 2881 pariter
2025 2813 2087 2864 et
2132 2804 2505 2879 habendam,
2556 2823 2630 2865 ac
2692 2804 2863 2864 iuxta
2921 2804 3101 2885 regni

546 2910 1058 2971 consvetudinem
1107 2930 1500 2989 quocumque
1549 2912 1858 2971 voluerint
1889 2912 2359 2991 disponendam.
2407 2914 2473 2971 In
2523 2911 2697 2972 cuius
2732 2912 2819 2971 rei
2866 2932 3100 2972 memo-

546 3018 700 3077 riam
751 3027 937 3096 atque
985 3014 1439 3079 testimonium⁹
1485 3018 1967 3098 firmitatemque
2016 3028 2399 3098 perpetuam,
2448 3020 2839 3098 presentibus
2886 3020 3101 3080 litteris

547 3125 772 3185 nostris
818 3126 1307 3204 privilegialibus
1357 3126 1628 3207 sigillum
1677 3135 1961 3187 nostrum
1996 3127 2243 3187 solitum
2278 3128 2565 3188 duximus
2600 3128 3099 3206 appendendum.

548 3234 779 3293 Datum
842 3234 1172 3314 Zagrabie,
1235 3236 1390 3295 feria
1454 3237 1732 3297 secunda
1796 3236 2075 3314 proxima
2147 3245 2290 3296 ante
2360 3237 2586 3297 festum
2649 3237 2833 3297 beate
2905 3238 3099 3297 Elene

527 3342 784 3425 ‘regium
835 3360 998 3400 anno
1033 3342 1266 3402 domini
1295 3344 1620 3403 millesimo
1654 3342 2271 3423 quadringentesimo
2311 3345 2830 3425 quinquagesimo
2863 3353 3103 3423 quarto.

759 3473 800 3525 E
838 3474 1191 3541 transumpto
1231 3474 1460 3542 capituli
1511 3476 1902 3543 Zagrabiensis
1941 3494 1992 3532 a.
2036 3476 2189 3530 1522.
2234 3476 2315 3529 12.
2356 3476 2507 3531 maii.
2549 3476 2799 3546 Simplex
2840 3477 3005 3547 copia
3046 3478 3099 3531 in

545 3562 694 3615 arch.
734 3562 922 3615 accad.
975 3561 1168 3629 scient.
1219 3562 1434 3617 Slavor.
1487 3564 1681 3619 merid.
1733 3566 2055 3631 Zagrabiae,
2110 3564 2225 3618 alia
2274 3565 2476 3619 similis
2526 3567 2693 3635 eopia
2742 3566 2911 3620 etiam
2950 3566 3101 3635 apud

544 3651 673 3704 nob.
715 3651 960 3705 Marcum
1001 3652 1256 3707 Arbanas
1295 3652 1352 3707 in
1391 3654 1554 3707 Infer.
1593 3654 1862 3708 Lomnica
1898 3654 2188 3723 reperitur.

760 3813 820 3866 ln
879 3814 1178 3882 posteriori
1241 3816 1438 3883 copia:
1541 3816 1554 3843 ¹
1611 3820 1679 3869 et.
1758 3817 1776 3843 2
1833 3816 1997 3870 filius.
2087 3818 2105 3845 ³
2162 3817 2468 3870 Lukauecz.
2554 3816 2573 3845 ⁴
2632 3816 3098 3885 Kosztauyeuecz.

551 3905 567 3929 ³
605 3903 987 3958 Banekouieh.
1067 3906 1086 3933 ⁸
1143 3904 1212 3959 ad
1257 3904 1431 3974 Kopp.
1511 3906 1528 3931 ἵ
1567 3921 1614 3959 e.
1693 3908 1712 3931 '⁹
1750 3922 1830 3959 ac,
1908 3908 1928 3933 ⁹
1974 3910 2170 3974 »atque
2210 3906 2648 3975 testimonium«,
2690 3907 2859 3961 deest.
