3917 5592
779 420 920 483 250

781 636 1100 696 dominum
1169 646 1452 698 nostrum
1529 640 1877 699 naturalem
1943 660 2132 720 quam
2204 642 2406 702 eciam
2474 643 2820 703 antedictos
2893 644 3218 704 Rodolfum
3284 653 3345 705 et

779 746 1177 805 Leonardum
1245 746 1437 805 filium
1502 766 1684 807 suum
1736 767 1773 807 a
1821 749 2166 809 donacione
2233 758 2296 809 et
2342 751 2679 811 collacione
2744 752 3234 831 vendicioneque
3283 759 3345 811 et

782 842 1178 912 alienacione'
1228 854 1712 931 prescriptarum
1772 857 2242 933 possessionum
2291 864 2353 917 et
2394 858 2756 935 porcionum
2805 859 3081 937 ipsorum
3138 868 3343 937 prote-

779 958 1086 1019 stancium
1149 961 1799 1037 possessionariarum,
1866 972 2196 1023 annotatos
2247 974 2456 1024 autem
2504 967 2788 1026 dominos
2851 968 2900 1025 F
2903 967 3235 1027 tidericum
3283 977 3344 1026 et

780 1067 1054 1127 Vlricum
1117 1068 1402 1142 comites,
1452 1088 1692 1127 necnon
1740 1070 2128 1129 Herman'um
2199 1071 2391 1130 filium
2461 1072 2743 1132 eiusdem
2804 1074 2993 1134 Vlrici
3063 1081 3126 1133 et
3188 1073 3342 1133 alios

780 1174 1088 1251 quoslibet
1134 1154 1407 1253 cuiusvis
1457 1184 1655 1235 status
1690 1185 1751 1235 et
1776 1177 2157 1236 condicionis
2206 1178 2506 1252 homineS,
2542 1180 2618 1239 ab
2652 1180 3117 1258 impetracione,
3166 1200 3336 1258 emp-

783 1282 960 1342 cione
1008 1291 1071 1341 et
1117 1283 1471 1361 receptione
1522 1285 1863 1343 earundem
1913 1304 1987 1344 ac
2050 1286 2488 1363 occup-acione,
2549 1288 2933 1362 detencione,
2983 1290 3340 1368 appropria-

781 1389 975 1463 cione,
1023 1392 1505 1469 perpetuacione
1531 1398 1595 1451 et
1618 1391 1734 1451 sibi
1773 1392 1924 1470 ipsis
1958 1392 2446 1468 statuilaccione,
2481 1414 2674 1474 seque
2704 1396 2875 1474 ipsos
2907 1397 2969 1456 in
2999 1398 3339 1458 dominium

783 1496 1057 1574 ipsarum
1106 1498 1327 1575 quovis
1393 1498 1638 1576 quesito
1702 1500 1908 1559 colore
1973 1500 2448 1576 intromissione,
2513 1522 2863 1582 usuumque
2924 1506 3230 1565 fructuum
3282 1514 3341 1563 et

779 1605 1193 1685 quarumlibet
1241 1606 1572 1665 utilitatum
1619 1606 1894 1685 ipsarum
1944 1609 2356 1685 percepcione
2400 1611 2500 1669 vel
2546 1611 2779 1689 percipi
2825 1611 3107 1671 faccione
3156 1612 3337 1671 factis

779 1712 880 1770 vel
929 1712 1167 1782 fiendiS,
1216 1712 1378 1772 idem
1431 1714 1746 1791 Georgius
1795 1715 2148 1774 nominibus
2197 1716 2422 1793 quibus
2470 1737 2661 1796 supra
2723 1718 2967 1796 publice
3024 1728 3086 1778 et
3144 1719 3338 1778 mani-

789 1818 947 1878 feste
1011 1819 1322 1897 prohibuit
1393 1821 1876 1881 contradicendo
1925 1832 1988 1881 et
2050 1823 2422 1882 contradixit
2485 1824 2819 1885 inhibendo
2890 1844 3098 1885 coram
3162 1826 3341 1885 nobis

780 1924 1134 1985 testimonio
1168 1928 1564 2005 presencium
1595 1928 1925 1989 mediante.
1977 1930 2209 1990 Datum
2244 1938 2470 1991 octavo
2497 1932 2598 1992 die
2630 1932 2771 1993 festi
2800 1933 2967 1993 beati
3015 1932 3341 1993 Michaelis

780 2034 1156 2114 archangeli,
1206 2054 1370 2094 anno
1417 2036 1651 2095 domini
1697 2031 2297 2097 M⁰.CCCC.XXX⁰.
2347 2048 2541 2099 sexto,

992 2172 1274 2242 Originale
1312 2176 1691 2245 chartaceum,
1731 2192 1766 2230 a
1803 2181 1957 2245 tergo
1997 2177 2297 2245 vestigium
2338 2178 2503 2247 sigilli
2532 2179 2803 2249 appressi.
2842 2180 2902 2232 In
2924 2180 3158 2235 archivo
3186 2180 3339 2248 regni

777 2264 1113 2333 Hungariae,
1154 2265 1553 2334 Budapestini:
1593 2266 1662 2321 Μ.
1703 2265 1764 2321 0.
1805 2266 1866 2323 D.
1909 2268 1961 2322 L.
2002 2266 2214 2328 32996„
2254 2268 2390 2321 olim
2432 2267 2494 2323 N.
2535 2268 2596 2322 R.
2638 2270 2701 2322 A.
2743 2270 2875 2323 fasc.
2918 2268 3037 2324 135.
3076 2269 3177 2323 No,
3218 2269 3302 2323 16.

1954 2587 2166 2657 238.

989 2805 1175 2864 Anno
1233 2760 1415 2865 1437.
1465 2803 1522 2864 7.
1571 2806 1957 2884 septembris,
2006 2758 2101 2866 In‘
2122 2808 2444 2867 Rakonuk.

791 3016 1066 3083 Vlricus
1083 3037 1304 3081 comes
1326 3015 1565 3097 ciliae,
1583 3018 2043 3102 privileg-ium
2069 3018 2517 3101 Sigismundi
2535 3021 2620 3084 H
2616 3022 2953 3104 ungariae
2978 3024 3097 3085 ete.
3126 3022 3330 3105 regio.

775 3144 835 3187 a.
905 3126 1082 3204 1456.
1143 3140 1210 3202 9.
1267 3122 1620 3205 februarii
1679 3129 1892 3208 super
1956 3125 2394 3189 libertatibus
2458 3127 2801 3192 nobilium
2871 3128 3335 3193 castrensium

1245 3230 1494 3315 Campi
1539 3231 2037 3316 Zagrabiensis
2082 3236 2502 3311 emanatum,
2550 3233 2875 3318 ratificat.

991 3429 1122 3489 Nos
1171 3430 1414 3488 Vlricus
1462 3429 1563 3488 dei
1609 3430 1826 3507 gracia
1859 3429 2035 3506 Cilie,
2084 3430 2485 3511 Ortenburge
2517 3433 2911 3513 Zagorieque
2960 3440 3073 3493 e'tc.
3123 3452 3334 3492 comes

779 3545 842 3596 et
886 3536 1175 3595 dominus
1224 3536 1301 3595 de
1350 3535 1602 3595 Medwe
1651 3537 1940 3596 omnibus
1987 3537 2221 3597 Christi
2266 3539 2553 3598 fidelibus
2599 3559 2860 3618 presens
2908 3540 3205 3618 scriptum
3246 3540 3333 3598 in-

775 3643 1079 3723 specturis
1143 3644 1408 3705 salutem
1471 3644 1534 3702 in
1592 3644 1870 3703 omnium
1933 3646 2261 3705 salvatore.
2332 3646 2515 3705 Iustis
2586 3648 2937 3725 petencium
3012 3646 3335 3707 desideriis

779 3752 1018 3812 facilem
1076 3752 1338 3829 prebere
1403 3770 1776 3811 consensum
1827 3752 1922 3811 ius
1976 3752 2196 3811 invitat
2260 3760 2321 3811 et
2386 3754 2777 3814 dominorum
2824 3755 3111 3814 voluntas
3160 3773 3332 3813 exor-
3404 3826 3417 3839 ·

779 3868 944 3918 tatur
990 3858 1052 3917 in
1099 3859 1216 3934 hys
1262 3858 1574 3936 precipue,
1622 3878 1743 3936 que
1793 3878 2045 3918 suorum
2096 3860 2515 3920 subiectorum
2564 3862 2899 3921 comodose
2955 3861 3199 3920 utilitati
3246 3861 3333 3918 vi-

779 3967 1004 4030 dentur
1029 3964 1378 4024 convenire.
1405 3964 1674 4025 Proinde
1708 3966 1789 4024 ad
1821 3966 2254 4025 universorum
2288 3967 2579 4027 noticiam
2607 3969 2826 4027 harum
2860 3968 3019 4027 serie
3050 3968 3336 4026 volumus

776 4072 1122 4151 pervenire,
1149 4072 1316 4150 quod
1347 4071 1703 4149 Stephanus
1735 4071 1896 4130 filius
1928 4073 2147 4148 Pethk;
2182 4093 2477 4151 supanuS,
2514 4075 2804 4152 Mychael
2832 4075 2993 4133 filius
3027 4075 3335 4146 Barnabe,

777 4179 1096 4239 Fabianus
1141 4179 1302 4237 filius
1351 4178 1699 4254 Mychaelis
1747 4186 1809 4237 et
1856 4179 2112 4237 Marcus
2151 4179 2312 4238 filius
2359 4180 2649 4255 Ladislai,
2698 4181 2935 4240 nobiles
2965 4188 3335 4254 castrenseS,

777 4287 836 4346 in
887 4286 1162 4365 ipsorum
1212 4294 1275 4345 et
1320 4286 1578 4345 aliorum
1629 4285 2061 4345 universorum
2110 4287 2405 4346 nobilium
2468 4288 2877 4348 castrensium
2937 4287 3163 4367 Campi
3217 4289 3334 4347 Za-

781 4392 1134 4474 grabiensis
1180 4392 1465 4470 personis
1514 4392 1594 4451 ad
1640 4399 1920 4452 nostram
1968 4394 2376 4471 personaliter
2424 4395 2743 4455 venientes
2776 4395 3185 4473 persenciam,
3234 4415 3333 4454 ex-

780 4500 1115 4560 hibuerunt
1148 4499 1328 4558 nobis
1361 4499 1666 4577 quasdam
1700 4499 1935 4558 litteras
1968 4499 2345 4560 serenissimi
2372 4501 2665 4580 principis
2694 4502 2926 4562 domini
2954 4502 3337 4583 Sigismundi

777 4610 1201 4667 Romanorum
1250 4606 1642 4683 imperatoris
1689 4624 1938 4684 semper
1986 4607 2259 4686 Augusti
2309 4626 2381 4665 ac
2428 4608 2770 4687 HungarIe,
2825 4610 3142 4682 Bohemie,
3194 4609 3334 4667 Dal-

779 4715 984 4787 matie,
1033 4713 1300 4773 Croacie
1331 4722 1445 4773 etc.
1494 4712 1681 4792 regiS,
1712 4714 1942 4772 domini
1992 4714 2186 4773 nostri
2219 4714 2519 4773 naturalis
2556 4716 3149 4789 confirmacionaleS,
3184 4717 3335 4793 dup-

777 4822 918 4900 plici
967 4829 1028 4881 et
1096 4822 1409 4880 autentico
1476 4820 1678 4899 sigillo
1743 4840 1855 4879 sue
1905 4822 2273 4893 serenitatiS‚
2322 4842 2446 4900 quo
2494 4832 2561 4881 ut
2609 4842 2715 4882 rex
2776 4824 3099 4903 Hungarie
3148 4824 3338 4883 utitur

777 4928 1246 5007 privilegialiter
1267 4928 1688 5007 consignataS,
1714 4928 1946 4988 tenoris
1966 4928 2355 5007 infrascripti,
2376 4938 2659 5007 petentes
2684 4950 2799 4989 nos
2823 4950 3057 5009 magna
3082 4950 3339 5008 precum
