3917 5592
755 437 886 500 292

760 652 878 732 ipsi
927 652 1386 713 examinatores
1436 660 1500 713 et
1547 655 1946 717 conclusores
1980 652 2174 732 ipsius
2207 674 2415 729 cause,
2434 656 2749 735 predictas
2782 664 3010 734 parteS,
3035 656 3322 717 videlicet

756 760 960 838 ipsum
1021 759 1375 820 Emericum
1443 768 1718 820 actorem
1765 768 1830 821 et
1875 760 2109 821 dictum
2165 761 2440 821 Blasium
2504 762 2903 840 Mayhenych
2949 762 3012 822 in
3062 783 3320 825 causam

754 876 1103 942 attractum,
1152 887 1227 927 ex
1257 866 1530 928 unanimi
1563 887 1874 929 consensu
1903 876 1967 927 et
1993 876 2341 947 spontanea
2368 869 2685 929 voluntate
2712 888 2945 944 earum,
2992 870 3199 931 taliter
3238 872 3321 933 ad

753 974 1024 1035 invicem
1049 974 1409 1048 univerunt,
1447 974 1940 1051 pacificaverunt
1972 983 2035 1034 et
2065 983 2565 1053 composuerunt,
2598 977 2767 1055 quod
2797 977 3112 1055 predictus
3134 978 3319 1040 Eme-

752 1081 917 1142 ricus
967 1088 1141 1141 actor
1187 1080 1248 1141 in
1297 1081 1584 1159 personis
1631 1081 1908 1141 omnium
1937 1081 2196 1141 fratrum
2248 1101 2503 1145 suorum
2549 1082 2987 1160 predictorum,
3024 1092 3151 1145 tam
3182 1104 3316 1147 car-

752 1186 985 1248 nalium
1033 1207 1222 1266 quam
1269 1186 1659 1265 patruelium,
1707 1196 1994 1267 quartam
2044 1196 2303 1265 partem,
2351 1198 2585 1249 rectam
2634 1198 2697 1250 et
2743 1191 3031 1269 equalem
3076 1192 3317 1269 prefate

750 1295 1104 1357 medietatis
1150 1294 1642 1383 possessionarie
1690 1296 2013 1374 hucusque
2059 1294 2347 1375 litigiose,
2395 1316 2585 1375 quam
2625 1296 2762 1375 ipse
2813 1298 3081 1376 Blasyus
3130 1301 3311 1377 May-

749 1403 998 1480 henych
1044 1421 1244 1481 usque
1291 1422 1458 1462 nunc
1495 1402 1702 1462 minus
1749 1402 1908 1463 iuste
1972 1401 2352 1479 possidebat,
2413 1403 2533 1463 hoc
2576 1411 2679 1467 est
2724 1412 3016 1465 octavam
3072 1416 3315 1484 partem

749 1510 1028 1589 ipsarum
1074 1509 1348 1569 omnium
1397 1510 1868 1588 possessionum
1913 1521 1978 1572 et
2023 1510 2389 1591 porcionum
2444 1510 3086 1589 possessionariarum
3134 1532 3314 1592 sepe-

749 1617 860 1677 fati
906 1619 1172 1677 condam
1236 1618 1415 1679 Pauli
1474 1620 1695 1699 Wrag,
1767 1618 2048 1697 predicto
2117 1620 2328 1679 Blasio
2389 1620 2791 1696 Mayhenych
2855 1639 2970 1698 pro
3016 1620 3311 1699 predictis

750 1726 1039 1803 expens²s
1086 1724 1443 1805 fatigisque,
1492 1745 1566 1786 ac
1613 1726 1933 1787 beneficiis
1982 1728 2127 1802 suiS,
2154 1746 2230 1788 ac
2260 1746 2373 1804 per
2397 1744 2542 1787 eum
2589 1727 2719 1788 suis
2751 1727 3087 1789 heredibus
3120 1728 3309 1788 debet

748 1836 928 1896 fateri
975 1844 1038 1895 et
1084 1836 1236 1897 dare
1281 1842 1583 1914 perpetuo
1648 1836 2111 1914 possidendam,
2182 1834 2267 1896 ita
2339 1835 2507 1914 quod
2552 1834 2689 1914 ipsa
2736 1836 2937 1897 sessio
2984 1856 3098 1896 seu
3143 1845 3311 1896 terra

748 1940 1108 2002 sessionalis
1155 1960 1298 2001 cum
1346 1942 1532 2001 domo
1579 1941 1641 2000 in
1689 1942 1914 2003 eadem
1976 1942 2517 2021 superhedificata,
2566 1960 2640 2003 ac
2688 1962 2829 2003 cum
2878 1942 3052 2003 curia
3083 1952 3146 2003 et
3169 1951 3305 2003 orto

749 2050 809 2108 in
875 2048 1161 2127 predicta
1222 2048 1497 2137 Inferiori
1566 2048 1949 2126 Lompnicza
2016 2048 2249 2123 habita,
2313 2049 2374 2108 in
2436 2067 2561 2127 qua
2621 2069 2787 2110 nunc
2846 2050 3013 2109 idem
3059 2050 3305 2110 Blasius

750 2158 1153 2234 Mayhenych
1210 2156 1495 2217 habitare
1551 2156 1906 2231 dinoscitur,
1956 2158 2038 2217 ad
2088 2157 2435 2235 predictam
2482 2166 2772 2236 quartam
2819 2166 3063 2236 partem
3109 2158 3305 2237 ipsius

746 2265 1098 2326 medietatis
1177 2265 1672 2343 possessionarie
1733 2284 1848 2325 seu
1914 2266 1997 2325 ad
2058 2265 2289 2325 dictam
2362 2273 2652 2325 octavam
2727 2274 2969 2344 partem
3034 2266 3309 2344 ipsarum

746 2373 1027 2434 totalium
1073 2372 1541 2451 possessionum
1589 2380 1652 2433 et
1697 2372 2064 2451 porcionum
2134 2372 2772 2450 possessionariarum
2837 2372 3065 2439 includi
3121 2374 3309 2433 debet

745 2481 1186 2553 mensurando,
1233 2482 1383 2539 dum
1429 2486 1675 2557 tempus
1724 2479 1970 2539 affuerit
2016 2479 2436 2553 mensurandi,
2484 2479 2571 2538 ita
2632 2480 2801 2558 quod
2847 2480 3011 2540 idem
3060 2480 3307 2541 Blasius

744 2589 1146 2665 Mayhenych
1193 2597 1255 2648 et
1301 2608 1412 2665 per
1459 2606 1605 2647 eum
1652 2588 1857 2646 cuncti
1903 2588 2169 2647 heredes
2202 2587 2397 2665 ipsius
2443 2586 2505 2646 in
2554 2586 2826 2646 dominio
2874 2587 3038 2648 dicte
3087 2598 3307 2667 quarte

742 2696 936 2775 partis
1006 2696 1200 2775 ipsius
1271 2695 1622 2756 medietatis
1693 2696 2206 2773 possessionarie,
2254 2696 2577 2775 hucusque
2648 2703 2716 2755 ut
2786 2696 3121 2773 predicitur
3189 2696 3305 2757 liti·

744 2804 940 2884 giose,
1003 2824 1116 2865 seu
1163 2803 1546 2896 intdominio
1593 2803 1788 2881 ipsius
1835 2811 2059 2863 octave
2122 2804 2315 2882 partis
2380 2803 2683 2866 dictarum
2731 2804 3012 2863 totalium
3059 2823 3306 2882 posses-

744 2911 987 2971 sionum
1050 2920 1114 2971 et
1170 2912 1534 2990 porcionum
1595 2910 2201 2989 possesionariarum
2261 2910 2457 2989 ipsius
2527 2911 2793 2971 condam
2857 2911 3033 2971 Pauli
3086 2913 3307 2991 Wrag,

743 3040 908 3079 nunc
956 3026 1166 3079 autem
1213 3018 1473 3097 predicti
1534 3018 1804 3080 Emerici
1869 3028 1930 3078 et
1977 3018 2237 3081 fratrum
2298 3037 2555 3079 suorum
2606 3018 3043 3097 predictorum,
3104 3019 3305 3098 ipsam

742 3126 1090 3187 sessionem
1138 3146 1250 3186 seu
1316 3133 1544 3185 terram
1606 3126 2015 3186 sessionalem
2079 3145 2221 3186 cum
2279 3127 2465 3185 domo
2512 3126 2575 3185 in
2623 3126 2845 3187 eadem
2900 3126 3305 3204 superhedifi-

741 3241 901 3307 cata,
949 3254 1024 3295 ac
1071 3234 1244 3295 curia
1290 3242 1352 3294 et
1379 3241 1533 3309 ort0,
1563 3234 1626 3293 in
1657 3234 1882 3312 quibus
1913 3234 2082 3293 idem
2129 3233 2375 3293 Blasius
2422 3252 2587 3293 nunc
2618 3234 2901 3295 habitare
2950 3233 3305 3307 dinoscitur,

743 3344 825 3403 ad
892 3343 1095 3421 ipsam
1158 3352 1444 3422 quartam
1507 3350 1750 3420 partem
1813 3342 1976 3402 dicte
2047 3342 2399 3402 medietatis
2460 3341 2954 3420 possessionarie
3024 3350 3306 3421 tempore

743 3450 1234 3510 mensuracionis
1304 3450 1497 3528 ipsius
1559 3450 1950 3525 includendO,
2013 3468 2262 3528 semper
2323 3450 2584 3528 pacifice
2648 3458 2710 3509 et
2756 3450 2963 3530 quiete
3025 3450 3305 3528 posside-

741 3557 910 3631 bunt,
960 3555 1458 3617 contradiccione
1517 3556 1710 3635 ipsius
1771 3556 2042 3617 Emerici
2088 3566 2151 3617 et
2198 3558 2501 3617 dictorum
2544 3557 2804 3617 fratrum
2866 3577 3119 3618 suorum
3180 3577 3305 3617 non

741 3664 1046 3738 obstante,
1070 3672 1197 3723 tres
1246 3672 1454 3723 autem
1503 3663 1786 3723 residuas
1819 3671 2024 3723 rectas
2058 3663 2335 3724 similiter
2364 3672 2428 3724 et
2458 3665 2715 3743 equales
2762 3673 2974 3743 partes
3024 3665 3305 3724 eiusdem

742 3771 1093 3831 medietatis
1163 3770 1672 3849 possessionarie,
1743 3773 2066 3850 hucusque
2138 3780 2205 3831 ut
2250 3772 2586 3849 predicitur
2632 3770 2917 3851 litigiose,
2985 3790 3061 3831 ac
3123 3771 3305 3833 aliam

741 3878 1140 3939 medietatem
1203 3887 1439 3939 rectam
1505 3886 1567 3938 et
1629 3880 1916 3958 equalem
1984 3880 2260 3957 ipsarum
2306 3879 2777 3957 possessionum
2826 3889 2888 3939 et
2943 3879 3305 3957 porcionum

742 3984 1391 4064 possessionariarum,
1457 3986 1577 4045 hoc
1632 3994 1728 4047 est
1789 3994 2031 4064 septem
2101 3995 2311 4064 partes
2378 3986 2655 4065 ipsarum
2718 3986 3000 4046 totalium
3056 4006 3305 4065 posses-

741 4093 984 4154 sionum
1033 4102 1095 4153 et
1139 4093 1502 4171 porcionum
1547 4093 2185 4172 possessionariarum
2233 4094 2444 4173 sepius
2504 4094 2615 4154 fati
2662 4094 2838 4154 Pauli
2898 4096 3116 4174 Wrag,
3164 4115 3308 4154 cum

741 4220 956 4260 earum
1019 4200 1381 4261 utilitatibus
1446 4209 1507 4260 et
1566 4201 1966 4278 pertinenciis
2029 4200 2356 4274 universiS,
2418 4201 2697 4279 prefatus
2752 4200 3077 4261 Emer-icus
3134 4208 3307 4260 actor

741 4328 882 4368 cum
929 4307 1184 4387 prefatis
1234 4308 1471 4371 cunctis
1517 4307 1810 4368 fratribus
1875 4308 2022 4381 suiS,
2072 4318 2199 4369 tam
2248 4308 2600 4369 carnalibus
2648 4326 2839 4387 quam
2904 4308 3305 4386 patruelibuS,

740 4416 872 4476 iure
949 4415 1286 4474 nobilitatis
1362 4415 1738 4475 hereditario
1809 4414 1961 4494 ipsis
2015 4436 2087 4475 ex
2139 4415 2459 4494 premissis
2529 4415 2927 4476 incumbente
3003 4423 3306 4493 perpetuo

739 4522 1118 4601 possidebat,
1169 4531 1231 4582 et
1276 4523 1357 4582 ob
1404 4524 1524 4583 hoc
1569 4522 1839 4601 peractis
1887 4522 2227 4602 premissiS,
2275 4524 2441 4583 idem
2489 4523 2813 4583 Emericus
2862 4531 3036 4583 actor
3082 4522 3143 4581 in
3190 4542 3307 4583 sua

741 4639 802 4690 et
848 4630 1286 4691 universorum
1332 4629 1592 4690 fratrum
1625 4650 1898 4705 suorum,
1947 4639 2079 4691 tam
2127 4632 2481 4692 carnalibus
2514 4650 2703 4711 quam
2749 4630 3121 4709 patruelium
3167 4650 3305 4709 per-

739 4736 927 4812 sonis,
975 4757 1160 4797 omne
1190 4758 1349 4797 onus
1395 4746 1458 4797 et
1489 4757 1839 4819 gravamen
1887 4739 2231 4799 eorundem
2259 4739 2535 4799 omnium
2568 4738 2829 4799 fratrum
2876 4758 3148 4813 suorum,
3177 4746 3305 4797 tam

741 4846 1085 4907 carnalium
1133 4865 1324 4925 quam
1370 4848 1760 4924 patruelium,
1810 4846 1864 4906 si
1911 4846 2029 4924 ipsi
2075 4846 2137 4906 in
2191 4847 2599 4925 infrascriptis
2646 4866 2965 4926 quoquam
3006 4846 3304 4925 temporis

737 4954 800 5020 in
845 4972 1146 5044 processu
1209 4952 1542 5043 persistere
1591 4954 1838 5039 nollent,
1897 4954 1965 5013 in
2012 4973 2080 5014 se
2128 4953 2333 5045 ipsum
2381 4960 2603 5043 sponte
2646 4971 2762 5043 per
2807 4952 3018 5031 omnia
3065 4970 3302 5023 assum-
