3917 5592
758 444 888 505 280

755 660 1058 738 personis,
1105 679 1264 720 onus
1331 670 1393 719 et
1438 678 1786 740 gravamen
1849 660 2193 719 eorundem
2238 658 2503 719 filiorum
2566 677 2838 732 suorum,
2904 658 2954 718 si
3002 658 3121 736 ipsi
3162 676 3313 735 quo-

755 784 1001 845 cunque
1047 766 1346 845 temporis
1393 766 1456 825 in
1502 786 1801 845 processu
1857 765 1919 825 in
1968 765 2373 843 infrascriptis
2435 765 2769 843 persistere
2817 765 3064 837 nollent,
3120 765 3183 824 in
3244 784 3312 824 se

751 874 956 951 ipsum
1017 882 1238 952 sponte
1303 893 1415 951 per
1460 874 1669 933 omnia
1737 874 2197 947 assummendO,
2260 873 2409 932 dum
2456 892 2571 932 nos
2633 872 2787 931 feria
2848 873 3127 931 secunda
3172 890 3310 949 pro-

751 982 918 1042 xima
979 991 1124 1043 ante
1169 981 1400 1041 festum
1445 982 1614 1042 beati
1661 982 1952 1062 Gregorii
1998 999 2161 1060 pape
2223 990 2410 1059 atque
2470 980 2758 1053 doctoriS,
2823 1000 2988 1039 nunc
3034 978 3313 1057 proxime

751 1090 1131 1168 preteritum,
1179 1089 1242 1149 in
1289 1090 1440 1149 sede
1488 1097 1703 1149 nostra
1747 1088 2053 1149 iudicaria
2101 1088 2283 1148 solita
2340 1086 2769 1167 Zagrabiensi,
2818 1086 2879 1145 in
2925 1086 3151 1146 iudicio
3198 1105 3311 1164 pro

750 1197 1041 1256 tribunali
1089 1196 1593 1257 consedissemus
1641 1215 1995 1274 causasque
2044 1203 2409 1256 cunctorum
2456 1214 2669 1255 coram
2716 1194 2895 1254 nobis
2926 1193 3308 1273 litigancium

749 1303 912 1363 iusto
959 1303 1110 1363 iuris
1177 1303 1424 1363 tramite
1473 1302 2006 1378 discussissemuS,
2057 1304 2138 1362 ad
2206 1311 2485 1362 nostram
2547 1301 2857 1362 veniendo
2918 1300 3308 1380 presenciam

749 1411 1076 1472 confessus
1123 1420 1220 1471 est
1253 1430 1328 1471 eo
1361 1412 1566 1486 modo,
1599 1418 1668 1470 ut
1699 1411 1834 1489 ipse
1867 1412 2121 1471 totalem
2155 1430 2332 1470 suam
2360 1411 2824 1489 possessionem
2856 1417 2919 1469 et
2948 1410 3307 1488 porcionem

746 1518 1326 1597 possessionariam,
1373 1518 1662 1579 videlicet
1707 1528 1939 1579 terram
2003 1526 2132 1578 tam
2194 1518 2604 1578 sessionalem
2650 1536 2865 1597 quam-
2898 1516 3197 1577 arabilem
3245 1525 3309 1576 et

745 1625 1244 1699 falcastrabilem,
1295 1645 1370 1686 ac
1417 1626 1537 1685 alio
1584 1626 1806 1704 quovis
1869 1625 2119 1685 nomine
2185 1624 2538 1699 vocitatam,
2586 1624 2745 1684 inter
2798 1623 3197 1702 possesiones
3244 1632 3309 1683 et

744 1734 1073 1813 porciones
1119 1733 1648 1811 possessionarias
1693 1733 1993 1793 Anthonii
2038 1731 2145 1792 filii
2179 1733 2440 1813 Gurgek
2486 1733 2565 1793 de
2613 1732 2835 1792 eadem
2877 1732 3181 1808 Gorycza‚
3231 1749 3306 1791 ac

745 1841 983 1902 Vrbani
1027 1842 1136 1901 filii
1197 1840 1421 1920 prefati
1465 1840 1810 1915 Michaelis,
1872 1840 2079 1900 fratris
2142 1859 2294 1900 vero
2357 1840 2581 1900 uterini
2651 1848 2714 1900 et
2775 1839 3041 1899 carnalis
3110 1838 3305 1916 ipsius

742 1948 1036 2026 Symonis
1081 1948 1378 2024 habitam,
1425 1948 1490 2008 in
1523 1948 1747 2009 eadem
1778 1948 2070 2009 videlicet
2100 1948 2388 2025 Gorycza
2424 1954 2486 2008 et
2526 1947 2660 2007 eius
2692 1945 3090 2026 pertinenciis
3123 1945 3305 2005 sitam

745 2066 807 2117 et
854 2057 1240 2132 existentem,
1302 2056 1508 2135 ipsum
1569 2055 1861 2117 videlicet
1922 2057 2261 2133 Symonem
2334 2056 2467 2123 iure
2534 2053 2869 2115 nobilitatis
2931 2052 3305 2113 hereditario

743 2164 858 2224 rite
905 2170 968 2224 et
1013 2163 1292 2244 legitime
1324 2170 1824 2238 concernentem,
1872 2163 2055 2223 simul
2102 2182 2245 2223 cum
2296 2163 2583 2222 omnibus
2634 2162 2916 2221 eiusdem
2953 2160 3161 2220 totalis
3194 2178 3304 2219 sue

743 2271 1160 2349 possessionis
1207 2278 1270 2331 et
1314 2270 1626 2349 porcionis
1658 2270 2154 2349 possessionarie
2186 2269 2569 2345 utilitatibus,
2616 2269 2908 2329 videlicet
2954 2267 3304 2347 sepulturiS,

742 2377 928 2453 silvis,
975 2378 1352 2453 nemoribus,
1399 2378 1610 2457 pratiS,
1658 2378 1910 2457 pascuis
1959 2388 2022 2439 et
2079 2377 2257 2457 aquis
2308 2396 2382 2437 ac
2430 2396 2735 2456 aquarum
2798 2376 3179 2451 decursibus,
3230 2394 3305 2435 ac

743 2485 878 2545 aliis
941 2486 1264 2566 quibusvis
1327 2485 1562 2561 usibuS,
1623 2484 2175 2559 fructuositatibus,
2238 2484 2727 2545 circumstanciis
2790 2491 2853 2543 et
2906 2483 3303 2562 pertinenciis

740 2593 1066 2668 universis,
1093 2594 1174 2652 ad
1211 2593 1477 2653 eandem
1501 2592 1968 2670 possessionem
1992 2600 2055 2653 et
2077 2592 2437 2671 porcionem
2461 2591 3021 2670 possessionariam
3054 2610 3303 2669 semper

741 2708 804 2759 et
849 2700 929 2759 ab
977 2699 1233 2779 antiquo
1281 2698 1709 2778 spectantibus
1759 2707 1823 2759 et
1867 2699 2321 2778 pertinentibus
2341 2710 2347 2715 ’
2370 2718 2483 2759 seu
2532 2708 2818 2777 spectare
2881 2706 2944 2758 et
2990 2698 3300 2776 pertinere

739 2806 1128 2883 debentibuS,
1190 2806 1470 2866 Fabiano
1541 2806 1667 2865 filio
1729 2805 2057 2866 Michaelis
2120 2808 2199 2866 de
2264 2806 2567 2877 Gradecz,
2639 2826 2716 2866 ex
2780 2807 3003 2865 eodem
3065 2805 3334 2865 scilicet·

738 2913 1050 2974 Michaele
1099 2922 1162 2973 et
1207 2932 1283 2973 ex
1331 2911 1521 2973 nobili
1567 2912 1824 2973 domina
1867 2913 2217 2989 Elyzabeth
2240 2922 2485 2987 vocata,
2533 2912 2663 2972 tilia
2692 2913 2863 2973 Petri
2906 2913 3012 2972 filii
3043 2913 3297 2972 Marcus

738 3022 816 3081 de
864 3020 1166 3097 Iarebych
1227 3019 1502 3100 legitime
1570 3019 1901 3100 progenito
1965 3027 2029 3080 et
2086 3028 2432 3098 procreatO,
2498 3020 2787 3101 privigno
2835 3020 3123 3081 videlicet
3184 3039 3297 3079 seu

735 3128 992 3188 filiastro
1041 3127 1308 3191 condam
1356 3128 1598 3186 Thome
1624 3125 1769 3185 dicti
1817 3127 2195 3203 Brumnych,
2226 3126 2333 3186 filii
2381 3128 2553 3186 Iwan
2588 3128 2664 3186 de
2696 3126 2981 3205 predicta
3008 3128 3297 3203 Gorycza

735 3255 813 3296 ac
881 3235 1140 3311 Mathye
1226 3234 1352 3293 filio
1423 3234 1657 3293 eisdem
1733 3234 1973 3293 Thome
2056 3233 2433 3311 Brumnych,
2504 3253 2578 3292 ac
2647 3254 2760 3312 per
2840 3254 2948 3293 eos
3018 3236 3295 3314 ipsorum

738 3342 1091 3416 heredibuS,
1146 3360 1258 3420 pro
1305 3342 1504 3401 tribus
1549 3340 1802 3401 florenis
1859 3341 1995 3401 auri
2041 3349 2103 3401 et
2148 3360 2261 3420 pro
2307 3349 2576 3419 quatuor
2643 3342 2854 3419 pensis
2901 3342 3297 3403 denariorum

737 3449 1210 3523 wiennensium,
1259 3468 1372 3527 pro
1391 3468 1586 3520 mune
1647 3448 1948 3509 usualiter
2009 3449 2417 3523 currencium,
2478 3467 2593 3527 per
2638 3448 2895 3509 eosdem
2949 3450 3295 3510 Fabianum

735 3566 798 3616 et
841 3537 1172 3632 Mathyam
1216 3554 1460 3633 prefato
1505 3554 1782 3631 Symoni,
1844 3562 2029 3632 prout
2090 3554 2357 3633 ipsemet
2417 3555 2596 3615 nobis
2659 3557 2864 3616 retulit
2925 3557 3047 3616 iam
3110 3559 3291 3635 plene

732 3662 894 3723 datis
966 3670 1029 3721 et
1095 3660 1426 3739 persolutis
1497 3660 1894 3735 vendidisset,
1964 3678 2177 3738 ymmo
2250 3680 2327 3721 ex
2392 3680 2703 3722 consensu
2772 3671 2835 3723 et
2884 3664 3291 3742 permissione

733 3770 1008 3829 omnium
1054 3767 1332 3842 fratrum,
1403 3767 1745 3826 vicinorum
1796 3775 1858 3826 et
1905 3777 2479 3829 commetaneorum
2541 3787 2615 3829 ac
2662 3771 3292 3851 consangwineorum

732 3893 1004 3950 suorum,
1054 3874 1331 3935 vendidit
1375 3892 1590 3934 eoram
1636 3874 1815 3933 nobis
1877 3874 2012 3933 iure
2073 3884 2375 3953 perpetuo
2423 3894 2499 3936 ac
2558 3876 3046 3938 irrevocabiliter
3092 3878 3290 3956 possi-

731 3986 1020 4059 dendam,
1067 3982 1405 4044 tenendam
1449 3992 1515 4042 et
1559 3981 1936 4056 habendam,
1986 4000 2063 4042 ac
2106 3982 2279 4043 iuxta
2340 3984 2855 4045 consvetudinem
2900 3987 3081 4067 reg-ni
3137 4005 3288 4065 quo—

731 4092 1168 4169 modocunque
1214 4089 1526 4149 voluerint
1571 4088 2045 4166 disponendam.
2077 4090 2159 4148 Et
2204 4108 2347 4149 cum
2394 4092 2647 4151 tandem
2695 4111 2811 4152 nos
2844 4092 2926 4151 ad
2956 4092 3289 4153 instantem

729 4210 792 4259 et
817 4196 934 4258 iuri
967 4214 1309 4257 consonam
1342 4196 1716 4274 peticionem
1749 4195 2133 4273 prefatorum
2181 4196 2447 4257 Fabiani
2480 4205 2543 4256 et
2588 4199 2865 4275 Mathye,
2890 4219 3003 4278 per
3032 4201 3289 4261 eosdem

726 4306 906 4365 nobis
953 4304 1068 4366 iuri
1115 4320 1394 4384 congrue
1440 4310 1813 4380 porrectam,
1861 4303 2102 4363 nobiles
2149 4304 2317 4363 viros
2380 4304 2725 4384 Georgium
2793 4305 2984 4365 filium
3048 4308 3287 4367 Nicolai

726 4414 872 4473 dicti
918 4410 1294 4487 Zekachych
1343 4411 1421 4470 de
1468 4409 1712 4487 prefata
1760 4409 2069 4486 Gorycza,
2104 4417 2168 4469 et
2199 4411 2459 4470 alterurn
2494 4411 2839 4491 Georgium
2871 4414 3065 4474 filium
3096 4414 3288 4474 Blasii

723 4522 804 4581 de
875 4520 1116 4591 eadem,
1178 4517 1554 4597 iobagiones
1611 4516 1903 4576 videlicet
1964 4525 2212 4576 nostros
2282 4517 2653 4597 fidedignOS,
2717 4519 2796 4579 de
2843 4521 3067 4581 eadem
3136 4523 3288 4581 sede

723 4636 938 4687 nostra
1005 4624 1344 4695 iudiciaria,
1413 4623 1694 4702 predicta
1761 4623 1918 4683 feria
1988 4624 2283 4698 secunda,
2348 4626 2427 4684 ad
2473 4624 2935 4705 in‘rascriptam
3008 4628 3287 4707 predicte

725 4732 1144 4813 possessionis
1189 4740 1254 4791 et
1284 4730 1598 4809 porcionis
1631 4731 2125 4808 possessionarie
2172 4730 2555 4809 prefatorum
2602 4734 2864 4794 Fabiani
2904 4745 2967 4795 et
3004 4736 3282 4813 Mathye,

725 4860 838 4921 per
886 4841 1056 4919 ipsos
1103 4840 1291 4898 modo
1352 4838 1659 4916 premisso
1709 4846 2087 4915 comparate,
2150 4839 2713 4916 possessionariam
2758 4841 3287 4903 introduccionem

725 4956 791 5010 et
841 4946 1257 5008 statucionem
1303 4944 1659 5004 faciendam
1703 4942 2007 5025 legittime
2055 4945 2564 5022 destinassemus,
2609 4948 2865 5007 tandem
2896 4947 3083 5008 iidem
3114 4948 3285 5009 ieha-
