3917 5592
786 506 916 570 372

789 725 1005 785 Simon
1037 719 1198 784 filius
1227 723 1492 798 Nicolay
1525 721 1630 782 filii
1663 724 1709 780 F
1713 706 1948 795 lorisse‚
1990 731 2109 800 'pro
2144 742 2308 782 nunc
2332 704 2799 783 ⁸commorantes
2830 723 2893 783 in
2924 723 3345 801 Gustimycza,

789 832 874 892 ad
919 839 1195 891 nostram
1260 829 1669 908 personaliter
1732 830 2055 890 venientes
2103 830 2511 908 presenciam,
2572 830 2841 890 confessi
2889 839 3033 891 sunt
3078 831 3139 891 in
3188 832 3353 892 hunc

793 939 1065 1012 modum,
1115 945 1181 997 ut
1241 937 1357 1015 ipsi
1421 937 1746 996 unanimes
1809 945 1873 996 et
1927 937 2217 997 benivole
2279 939 2597 1016 quandam
2662 937 3020 1016 porcionem
3076 938 3352 1018 ipsorum

792 1045 1282 1126 quartalicialem
1328 1045 1390 1103 in
1437 1045 1718 1122 predicta
1762 1046 1993 1120 Lusan,
2040 1045 2103 1104 in
2152 1064 2375 1124 eampo
2408 1055 2471 1106 et
2502 1045 2563 1106 in
2597 1027 2909 1106 montibus
2957 1055 3172 1106 sancte
3221 1049 3346 1107 Ka-

791 1155 1048 1228 therine,
1113 1161 1176 1212 et
1237 1154 1297 1212 in
1347 1153 1490 1212 villa
1555 1153 2079 1230 Stepfaneowchy
2138 1153 2344 1214 vocati
2359 1147 2392 1226 ¹,
2452 1174 2573 1232 que
2636 1154 2849 1233 porcio
2906 1154 3347 1234 quartalicialis

792 1282 982 1342 supra
1014 1261 1366 1322 nominatos
1414 1261 1668 1320 iuridice
1703 1261 2022 1321 concernit
2052 1261 2223 1339 ipsos
2255 1281 2368 1340 per
2400 1263 2668 1323 eandem
2712 1263 2763 1321 F
2764 1263 3068 1338 lorissam,
3116 1263 3350 1324 scilicet

780 1389 989 1430 awarn
1013 1371 1308 1448 ipsorum,
1335 1388 1372 1428 a
1395 1369 1716 1446 Stephano
1743 1368 1864 1428 filio
1891 1368 2094 1428 Marci
2120 1369 2226 1428 filii
2258 1369 2479 1447 Kopoz
2512 1369 2591 1429 de
2615 1369 2897 1449 predicta
2920 1372 3150 1446 Lusan,
3176 1379 3242 1431 et
3270 1373 3348 1432 de

785 1477 1140 1538 Lowrando
1189 1494 1422 1555 magno
1470 1476 1548 1535 de
1597 1476 1818 1536 eadem
1870 1477 2099 1548 Lusan,
2149 1477 2413 1536 eandem
2463 1477 2822 1554 porcionem
2885 1497 2999 1557 pro
3047 1498 3211 1538 nunc
3258 1479 3345 1539 di-

779 1579 1048 1644 vissam²⁸
1079 1592 1141 1644 et
1165 1591 1623 1662 sequestratam
1647 1583 2066 1658 medietatem,
2092 1582 2274 1643 simul
2302 1604 2444 1644 cum
2468 1584 2757 1644 omnibus
2780 1585 2961 1646 terris
2990 1587 3353 1660 arabilibu3‚

785 1691 1091 1765 fenilibus,
1141 1690 1328 1761 silvis,
1393 1689 1707 1749 montibus
1756 1685 2189 1764 vineealibus³‚
2258 1691 2453 1769 aquiS‚
2503 1710 2931 1771 aquarumque
2979 1694 3345 1754 decursibus

786 1798 1299 1870 molendinorum,
1346 1797 1559 1874 pratiS,
1625 1797 1809 1856 simul
1856 1805 1924 1858 et·
1964 1797 2233 1876 pascuiS,
2291 1817 2365 1857 ac
2413 1799 2652 1858 eunctis
2708 1800 3214 1874 circumstanciis,
3264 1803 3344 1862 ad

785 1907 1051 1967 eandem
1098 1905 1458 1984 porcionem
1506 1904 1904 1964 medietatem
1951 1904 2410 1983 quartalicialiS,
2472 1914 2535 1966 et
2582 1907 3055 1986 quibuscunque
3124 1908 3345 1968 utilita-

787 2015 969 2086 tibus,
1039 2013 1272 2085 usibus,
1341 2011 1764 2090 proventibus,
1835 2011 2367 2071 fructuositatibus
2434 2020 2498 2072 et
2560 2013 2958 2092 pertinenciis
3022 2015 3346 2087 universiS,

783 2125 1063 2198 Stoyano
1111 2121 1238 2181 filio
1286 2121 1528 2180 Thome
1576 2120 1654 2179 de
1702 2119 2126 2196 Gustimycza‚
2176 2119 2293 2179 sibi
2341 2139 2415 2179 ac
2461 2139 2574 2198 per
2620 2141 2764 2180 eum
2830 2120 2959 2181 suis
3010 2122 3346 2182 heredibus

785 2230 1215 2308 heredumque
1261 2247 1518 2287 suorum
1563 2227 1999 2287 succesoribus
2047 2228 2382 2300 dedissent,
2417 2229 2759 2289 donassent
2791 2238 2853 2290 et
2897 2230 3351 2309 propinassent,

785 2355 997 2414 ymmo
1044 2336 1366 2409 dederunt,
1415 2336 1807 2395 donaverunt
1853 2343 1916 2394 et
1959 2334 2370 2413 propinarunt
2417 2355 2628 2396 coram
2676 2336 2855 2396 nobis
2918 2337 3051 2398 iure
3095 2337 3343 2398 heredi·

781 2445 938 2505 tarie
985 2451 1286 2523 perpetuo
1335 2443 1821 2503 irrevocabiliter
1867 2443 2312 2521 possidendam
2333 2443 2689 2522 pariterque
2740 2453 2803 2504 et
2846 2445 3220 2505 habendam.
3271 2447 3338 2505 ln

787 2552 962 2612 euius
1010 2552 1098 2612 rei
1145 2551 1510 2612 memoriam
1560 2559 1747 2630 atque
1795 2550 2218 2611 testimonium
2264 2552 2746 2632 firmitatemque
2790 2561 3174 2632 perpetuam,
3206 2573 3343 2632 pre·

787 2659 1067 2719 sentibus
1115 2659 1317 2740 sigillo
1366 2653 1608 2718 nostro⁴
1655 2659 1734 2718 de
1783 2677 1954 2717 more
2005 2658 2158 2718 alias
2207 2668 2505 2718 consveto
2554 2661 2841 2720 duximus
2890 2662 3345 2739 apendendum.

787 2769 1020 2828 Datum
1067 2767 1398 2847 Zagrabie,
1447 2766 1602 2827 feria
1649 2765 1927 2825 secunda
1961 2766 2244 2844 proxima
2277 2775 2421 2828 ante
2452 2767 2680 2828 festum
2713 2768 3051 2828 nativitatis
3086 2768 3345 2849 virginis

789 2875 1079 2954 gloriose,
1130 2894 1294 2935 anno
1329 2873 1562 2934 domini
1609 2869 2006 2934 millessimo⁶
2036 2869 2719 2954 quadringentessimo⁶
2764 2870 3349 2956 quinquagessimo⁷

785 2991 979 3043 sexto.

1000 3084 1284 3154 originale
1323 3086 1766 3153 membraneum,
1824 3100 1861 3138 a
1910 3101 2057 3139 zona
2103 3084 2319 3139 sericea
2365 3087 2518 3142 rubri
2556 3091 2612 3141 et
2648 3087 2846 3142 viridis
2884 3088 3091 3142 coloris
3142 3089 3348 3157 pendet

787 3176 972 3230 solum
1013 3190 1176 3229 cerea
1212 3176 1445 3244 capsula
1482 3176 1696 3242 absque
1722 3173 2096 3243 impressione
2124 3172 2307 3244 sigilli.
2344 3175 2507 3244 Apud
2534 3175 2783 3231 nobilem
2810 3177 3058 3232 Marcum
3088 3177 3345 3232 Arbanas

787 3265 846 3320 in
883 3265 983 3319 Ins.
1021 3265 1294 3319 Lomnica
1331 3265 1433 3320 No.
1473 3265 1557 3320 29.

1010 3445 1025 3474 ¹
1065 3443 1146 3500 sic
1185 3443 1452 3516 (vocata).
1512 3445 1532 3474 ⁸
1570 3445 1666 3500 sic.
1737 3445 1758 3474 ³
1793 3445 1892 3500 sic.
1943 3446 1965 3474 ⁴
2003 3443 2085 3500 sic
2122 3444 2384 3516 (sigillum
2408 3445 2704 3518 nostrum).
2762 3445 2786 3477 ⁸
2824 3447 2919 3502 sic.
2982 3449 3001 3477 ⁸
3038 3447 3136 3501 sic.
3190 3449 3208 3476 ⁷
3246 3447 3345 3503 sic.

1957 3746 2169 3818 ³1³.
2230 3779 2241 3786 ·

999 3970 1183 4029 Anno
1241 3964 1422 4027 1456.
1482 3965 1575 4027 18.
1624 3966 1913 4027 octobris,
1961 3968 2314 4048 Zagrabiae

999 4162 1245 4227 Coram
1292 4159 1658 4245 Bogauech
1705 4159 2144 4243 Mylakouich
2187 4162 2433 4225 comite
2469 4161 2716 4246 Campi
2746 4162 3242 4247 Zagrabiensis
3263 4183 3345 4228 ac

781 4271 1040 4335 Ioanne
1084 4267 1387 4354 Iagnych
1434 4267 1516 4332 de
1547 4265 1714 4351 Sup.
1761 4266 2149 4348 Lukauech‚
2196 4269 2442 4332 comite
2490 4272 2650 4334 terr.
2714 4269 3021 4335 eiusdem
3078 4270 3342 4355 Campi,

781 4382 998 4444 metae
1037 4377 1558 4462 possessionum
1605 4373 1948 4439 nobilium
1982 4375 2355 4440 Clementis
2402 4376 2483 4440 de
2513 4376 2961 4460 Mykcheuecz
2999 4381 3064 4442 et
3096 4377 3199 4463 Eg
3208 4377 3315 4442 idi
3319 4379 3346 4441 i

779 4483 1142 4569 carnificis
1176 4482 1326 4567 filii
1373 4482 1684 4546 Emerici
1755 4481 2133 4547 Bedoulich
2193 4503 2460 4548 necnon
2504 4484 2810 4548 aliorum
2874 4483 3215 4549 nobilium
3262 4484 3343 4549 de

1637 4589 1889 4668 ΜίαΙεα,
1919 4589 2484 4655 determinantur.

999 4811 1134 4870 Nos
1180 4781 1522 4890 Bogaueeh
1571 4809 1973 4886 Mylakouich
2022 4810 2397 4869 castellanus
2446 4809 2632 4869 castri
2702 4811 2979 4869 Medued
3028 4811 3231 4870 vocati
3280 4818 3342 4870 et

786 4937 998 4979 comes
1047 4915 1274 4993 Campi
1319 4917 1764 4997 Zagrabiensis
1813 4935 1888 4976 ac
1950 4917 2215 4976 Ioannes
2278 4915 2439 4975 filius
2487 4917 2805 4994 quondam
2869 4917 3191 4977 Benedicti
3240 4937 3339 4976 su·

791 5025 938 5116 pani
1003 5025 1281 5114 Iagnych
1329 5023 1474 5084 dieti
1523 5025 1601 5084 de
1664 5023 1984 5112 Superiori
2048 5025 2390 5091 Lukauech
2437 5043 2648 5092 comes
2695 5025 3006 5092 terrestris
3062 5025 3343 5092 eiusdem
