3917 5592
1832 521 1919 529 —
1966 486 2235 547 XXXVI
2280 522 2367 531 —-

825 788 943 856 306.
986 792 1136 841 Anno
1171 789 1371 857 145[5].
1402 804 1483 842 22.
1511 788 1818 841 decembris,
1846 788 2142 856 Zagrabiae.
2170 789 2423 840 lohannes
2449 787 2586 839 filius
2612 788 2872 839 Benedicti
2899 789 2963 839 de
2990 790 3173 855 Super.

982 881 1284 941 Lulrawecz,
1324 894 1503 929 comes
1552 890 1672 931 terr.
1724 878 1908 945 Campi
1961 878 2336 946 ZagrabiensiS,
2387 878 2818 929 ammonitionem
2870 878 3172 929 vendendae

981 970 1333 1037 possessionis
1371 969 1612 1030 Emerici‚
1654 968 1843 1019 Mathei
1883 980 1932 1019 et
1972 968 2207 1019 Damiani
2236 970 2300 1019 de
2328 969 2712 1035 Rodomanycz,
2753 968 2803 1018 in
2842 950 3169 1034 8111100111-

981 1061 1183 1111 kawecz
1223 1058 1503 1120 existentiS,
1544 1056 1770 1109 notificat
1773 1092 3156 1113 ....................

823 1174 939 1226 307.
981 1159 1131 1208 Anno
1178 1156 1329 1225 1456.
1372 1156 1452 1209 26.
1491 1132 1722 1210 ianuarii.
1762 1156 2055 1224 Zagrabiae.
2088 1157 2315 1208 .Vlricus
2356 1156 2591 1207 Kostibol
2628 1172 2807 1207 comes
2857 1157 3039 1223 Campi
3079 1156 3174 1207 Za-

951 1247 1266 1314 „grabiensis
1304 1262 1361 1297 ac
1401 1246 1656 1297 lohannes
1695 1245 1915 1313 lagnych
1956 1246 2021 1296 de
2059 1247 2183 1312 Sup.
2224 1247 2523 1307 Lokawecz‚
2564 1261 2741 1297 comes
2786 1255 2907 1300 terr.
2936 1246 3171 1297 eiusdem

981 1336 1182 1402 Campi,
1221 1335 1556 1387 statutionem
1596 1335 1846 1385 Demetrii
1885 1334 1977 1385 filii
2016 1335 2250 1385 Andreae
2302 1336 2517 1396 Kussae,
2556 1333 2651 1386 filii
2688 1335 2883 1386 Nicolai
2934 1334 3025 1385 filii
3077 1336 3171 1386 Pe-

983 1425 1228 1492 terchych
1269 1426 1332 1475 de
1371 1426 1558 1486 Losan,
1597 1424 1650 1475 in
1689 1426 1940 1491 quasdam
1992 1426 2352 1491 possessiones
2403 1425 2552 1477 titulo
2604 1424 2899 1476 donationis
2948 1425 3171 1475 eundem

979 1524 1370 1576 concernentes,
1397 1513 1664 1583 notificant
1665 1550 3157 1571 ......................

828 1615 946 1682 308.
987 1616 1138 1665 Anno
1184 1612 1332 1681 1456.
1371 1614 1421 1669 8.
1463 1614 1649 1664 martii.
1689 1613 1984 1679 Zagrabiae.
2023 1614 2213 1664 Coram
2252 1613 2479 1664 Iohanne
2518 1614 2709 1680 lagnyk
2746 1614 2809 1665 de
2861 1613 3011 1666 lnl'er.
3064 1614 3167 1663 Lu·

813 1712 822 1719 ·
984 1705 1202 1764 kawecz‚
1242 1703 1432 1753 comite
1469 1714 1588 1755 terr.
1628 1703 1810 1769 Campi
1853 1702 2229 1777 Zagraffiensis,
2267 1703 2499 1753 Andreas
2536 1701 2673 1753 filius
2712 1702 2849 1753 Petri
2886 1702 2951 1753 de
2989 1703 3171 1763 Mlaka,

982 1792 1272 1844 sessionem
1310 1808 1458 1843 suam
1499 1793 1560 1843 in.
1590 1792 1758 1843 Mlaka
1794 1792 2117 1853 existentem,
2156 1803 2380 1859 quatuor
2430 1779 2640 1843 florenis
2678 1792 2789 1843 auri
2840 1792 3013 1842 Blasio
3065 1792 3171 1842 filio

982 1883 1232 1950 Mathyae,
1273 1882 1477 1949 pignori
1515 1881 1720 1949 obligat.
1787 1917 3161 1937 ....................

823 1998 942 2051 309.
983 1984 1133 2032 Anno
1179 1980 1329 2048 1456.
1371 1997 1450 2049 29.
1493 1981 1676 2034 martii.
1717 1980 2013 2047 Zagrabiae.
2052 1981 2239 2031 Coram
2283 1981 2507 2032 Iohanne
2548 1982 2759 2047 lagnycz
2798 1981 2861 2029 de
2900 1982 3025 2046 Sup.
3064 1981 3169 2031 Lu-

987 2073 1192 2133 kauecz,
1232 2070 1423 2122 comite
1460 2071 1692 2121 terrestri
1719 2070 1903 2137 Campi
1933 2070 2313 2138 Zagrabiensis,
2341 2071 2531 2120 Paulus
2570 2081 2619 2120 et
2657 2069 2915 2137 Georgius
2954 2069 3043 2119 filii
3084 2071 3169 2121 Ni-

981 2161 1111 2212 colai
1150 2162 1368 2227 Lubnyk
1408 2162 1471 2211 de
1511 2160 1700 2222 Lusan,
1739 2161 2003 2227 quoddam
2043 2160 2233 2211 foenile
2271 2160 2323 2209 in
2362 2162 2552 2223 Lusan,
2591 2160 2825 2226 quinque
2862 2158 3073 2211 florenis
3111 2171 3161 2211 et

975 2250 1142 2301 tribus
1181 2250 1356 2316 pensis
1395 2252 1566 2300 Marco
1611 2249 1810 2316 Keybar
1849 2250 1912 2311 de
1950 2249 2157 2321 Chehy,
2192 2248 2395 2315 pignori
2434 2250 2663 2317 obligant
2666 2284 3152 2305 ........

825 2366 944 2418 310.
981 2352 1132 2400 Anno
1178 2348 1327 2416 1456,
1388 2348 1470 2399 26.
1522 2346 1714 2415 aprilis.
1773 2348 1966 2399 Budae.
2019 2348 2287 2399 Ladislaus
2338 2349 2631 2414 Hungariae
2680 2357 2779 2399 etc.
2834 2363 2939 2409 rex,
2992 2348 3164 2399 literas

981 2439 1142 2490 Vlrici
1181 2438 1387 2489 comitis
1424 2438 1585 2491 Ciliae
1624 2453 1827 2488 necnon
1867 2437 2005 2499 bani,
2044 2438 2095 2488 in
2137 2438 2269 2488 facto
2319 2438 2686 2488 solvendarum
2725 2438 2949 2504 capitulo
3000 2439 3164 2488 eccle·

982 2530 1089 2581 siae
1129 2529 1487 2597 Zagrabiensis
1526 2544 1586 2579 ex
1625 2538 1770 2594 parte
1807 2528 2064 2580 nobilium
2102 2528 2445 2578 castrensium
2471 2528 2655 2594 Campi
2681 2528 3039 2595 Zagrabiensis
3076 2529 3164 2578 de-

982 2622 1255 2681 cimarum,
1295 2636 1339 2671 0.
1387 2635 1535 2687 1453.
1581 2635 1663 2684 ²4·
1702 2619 1906 2686 augusti
1944 2628 2224 2680 emanatas,
2261 2618 2553 2669 con'firmat.
2637 2653 3153 2673 ........

823 2734 942 2784 311.
982 2720 1134 2768 Α11110
1180 2716 1329 2784 1456.
1373 2715 1454 2768 26.
1493 2717 1685 2783 aprilis.
1725 2716 2023 2783 Zagrabiae.
2061 2717 2250 2767 Coram
2280 2716 2504 2767 Iohanne
2532 2716 2753 2783 lagnych
2794 2718 2857 2767 de
2892 2718 3021 2781 Sup.
3060 2718 3161 2767 Lo·

983 2808 1202 2869 kawecz,
1254 2806 1446 2857 comite
1497 2806 1726 2857 terrestri
1777 2805 1960 2871 Campi
2014 2804 2389 2871 Zagrabiensis,
2441 2806 2681 2857 Nicolaus
2738 2806 2874 2857 filius
2923 2805 3163 2857 Thomae

983 2896 1330 2963 Herwathych
1370 2898 1434 2947 de
1472 2896 1564 2947 lnf.
1606 2897 1904 2958 Lokawecz,
1942 2896 2196 2962 quasdam
2233 2895 2495 2947 sessiones
2532 2912 2669 2955 suas,
2709 2906 2907 2962 partem
2960 2897 3161 2946 molen-

977 2987 1084 3036 dini
1125 3001 1181 3036 ac
1223 2985 1429 3036 foenilia
1468 2985 1719 3051 Dyonisio
1759 2984 1999 3052 Myxych,
2038 2985 2213 3035 donat.
2280 3020 3150 3041 .............

815 3100 935 3151 3¹2·
975 3088 1126 3135 Anno
1173 3082 1321 3151 1456,
1369 3100 1447 3148 ¹4·
1487 3083 1631 3135 iunii.
1671 3084 1965 3151 Zagrabiae.
2005 3086 2195 3135 Coram
2236 3083 2463 3134 Iohanne
2491 3084 2702 3151 lagnycz
2742 3085 2804 3134 de
2843 3085 3026 3150 Super.
3055 3084 3159 3134 Lu-

981 3175 1201 3235 kawecz,
1241 3172 1431 3223 comite
1468 3184 1587 3223 terr.
1628 3173 1810 3239 Campi
1850 3172 2226 3239 Zagrabiensis,
2278 3172 2513 3224 Thomas
2562 3171 2699 3223 filius
2749 3174 2987 3239 Gregorii
3042 3174 3155 3223 Zta·

978 3263 1221 3314 nilowich
1260 3264 1323 3313 de
1361 3261 1453 3313 lnf.
1491 3262 1792 3323 Lukawecz‚
1831 3262 2092 3328 quandam
2119 3273 2307 3312 terram
2335 3277 2482 3313 suam
2511 3263 2772 3324 arabilem,
2812 3264 2993 3315 decem
3032 3278 3158 3329 pen-

978 3354 1051 3403 sis
1089 3352 1325 3403 Dionisio
1363 3351 1470 3401 filio
1508 3351 1720 3418 Georgii
1758 3351 1821 3402 de
1859 3352 2162 3414 Lukawecz,
2201 3352 2405 3419 pignori
2443 3354 2635 3419 obligat
2642 3389 3146 3409 ........

818 3475 938 3527 313.
983 3461 1135 3510 Anno
1194 3457 1342 3526 1456.
1403 3473 1480 3508 11.
1545 3458 1764 3525 augusti.
1827 3459 2122 3524 Zagrabiae.
2186 3460 2441 3510 lohannes
2503 3460 2918 3527 Chwdorowych
2983 3476 3161 3511 comes

980 3549 1163 3615 Campi
1203 3547 1559 3615 Zagrabiensis
1595 3563 1654 3598 ac
1693 3548 1947 3599 Iohannes
1998 3548 2219 3615 lagnych
2259 3550 2321 3599 de
2370 3551 2553 3615 Super.
2605 3550 2921 3612 kaawecz,
2979 3566 3158 3602 comes

976 3638 1229 3689 terrestris
1268 3638 1500 3688 eiusdem
1539 3638 1740 3703 Campi,
1789 3638 2124 3688 statutionem
2177 3639 2340 3701 Pauli,
2392 3640 2546 3701 Petri,
2600 3638 2877 3701 Benedicti,
2929 3640 3157 3701 Fabiani,

975 3726 1252 3787 Valentini,
1291 3727 1502 3777 alterius
1541 3726 1823 3788 Benedicti,
1863 3728 2094 3795 Georgii,
2134 3728 2388 3794 Mathyae,
2427 3729 2667 3780 ‘rhomae
2706 3741 2756 3780 et
2792 3729 2988 3781 Vrbani
3041 3731 3155 3781 des-

975 3816 1306 3868 cendentium
1345 3816 1565 3866 condam
1605 3816 1842 3881 Gregorii
1881 3815 2205 3883 Kathowych
2244 3818 2307 3867 de
2346 3818 2549 3879 stan,
2589 3817 2640 3869 in
2680 3819 2995 3886 quartalitias
3034 3835 3155 3887 pos-

975 3904 1255 3965 sessiones,
1293 3904 1559 3955 notificant
1561 3940 3148 3963 .......................

817 4019 937 4070 314.
979 4005 1132 4053 Anno
1177 4002 1325 4069 1456.
1365 4002 1414 4053 6.
1453 4003 1764 4069 septembris
1822 4003 2115 4070 Zagrabiae.
2157 4004 2347 4055 Coram
2387 4004 2613 4055 Iohanne
2665 4007 2887 4073 lagnych
2924 4008 2988 4058 de
3026 4010 3150 4075 Sup.

976 4093 1278 4154 Lukawecz,
1316 4094 1506 4144 comite
1544 4102 1664 4143 terr.
1693 4092 1876 4159 Campi
1916 4094 2289 4159 Zagrabiensis,
2330 4096 2544 4161 lendrey
2570 4094 2707 4146 filius
2734 4096 2910 4147 Duucz
2949 4098 3013 4147 de
3050 4099 3158 4149 Gu-

977 4182 1240 4249 stimycza,
1280 4191 1330 4232 et
1367 4182 1452 4232 alii
1503 4181 1807 4251 nominatim
1860 4184 2089 4248 expressi
2141 4184 2507 4251 consangvinei
2558 4185 2809 4248 eiusdem,
2862 4188 3155 4253 portionem

976 4287 1122 4321 suam
1161 4271 1520 4338 quartalitiam,
1569 4272 1799 4338 Stoyano
1836 4267 1946 4322 filio
1986 4272 2223 4325 Thomae
2261 4274 2325 4325 de
2362 4274 2561 4335 eadem,
2600 4275 2793 4326 donant
2798 4312 3141 4332 ......

818 4394 935 4446 315.
976 4381 1128 4429 Α11110
1174 4378 1322 4446 1456.
1367 4378 1450 4431 18.
1489 4378 1731 4429 octobris.
1772 4379 2064 4446 Zagrabiae.
2092 4382 2281 4431 Coram
2310 4382 2585 4449 Bogauech
2613 4383 2939 4449 Mylakouich
2968 4385 3157 4437 comite

978 4468 1162 4535 Campi
1202 4467 1560 4535 Zagrabiensis
1597 4483 1654 4518 ac
1693 4468 1881 4519 Ioanne
1922 4469 2141 4537 lagnych
2181 4471 2245 4521 de
2282 4471 2407 4537 Sup.
2460 4471 2756 4535 Lukauech,
2796 4474 2986 4525 comite
3036 4486 3156 4526 terr.

975 4558 1208 4609 eiusdem
1271 4558 1470 4622 Campi,
1533 4568 1698 4607 metae
1759 4558 2154 4623 possessionum
2216 4559 2467 4611 nobilium
2529 4562 2813 4613 Clementis
2875 4564 2938 4614 de
3008 4566 3156 4631 Myk-

978 4648 1200 4698 cheuecz
1241 4657 1289 4697 et
1326 4646 1495 4711 Egidii
1532 4645 1786 4697 carnificis
1825 4646 1916 4697 filii
1954 4648 2178 4699 Emerici
2218 4649 2518 4719 Bedoulich‚
2558 4666 2760 4702 necnon
2798 4653 3021 4704 aliorum
3061 4670 3157 4705 no-

979 4734 1160 4786 bilium
1199 4736 1264 4785 de
1303 4735 1483 4796 Mlaka,
1523 4734 1928 4787 determinantur
1931 4773 3147 4799 ..................

816 4833 934 4901 316.
976 4835 1128 4884 Anno
1174 4832 1322 4901 1456.
1365 4849 1448 4888 22.
1487 4835 1803 4887 novembris.
1843 4837 2139 4904 Capitulum
2172 4838 2419 4889 ecclesiae
2445 4840 2820 4906 Zagrabiensis,
2858 4842 3032 4893 literas
3070 4844 3148 4894 Si-

976 4924 1240 4991 gismundi
1280 4925 1572 4992 Hungariae
1611 4936 1706 4977 etc.
1746 4927 1897 4994 regis,
1937 4926 2131 4995 quibus
2155 4930 2515 4996 possessiones
2535 4932 2743 4982 claustri
2781 4933 2839 4983 B.
2881 4934 2947 4983 Μ.
2987 4936 3053 4986 V.
3092 4936 3156 4985 de

978 5014 1341 5083 promontorio
1378 5015 1736 5085 Zagrabiensi:
1788 5017 2108 5081 Petrosolch,
2160 5020 2490 5081 Gerdwazela
2527 5031 2577 5073 et
2616 5020 2936 5088 Rakytholch
2975 5040 3004 5075 a
3040 5026 3157 5076 des·

3200 694 3392 752 P⁸8¹1¹⁸

3282 1073 3384 1125 357

3280 1531 3382 1583 359

3282 1880 3374 1949 361

3278 2250 3376 2317 362
3420 2322 3425 2329 Ι

3275 2618 3373 2685 363

3272 2985 3373 3052 365

3268 3352 3368 3421 367

3266 4294 3363 4345 37¹

3268 4760 3368 4812 372
