3917 5592
798 434 920 515 172

780 670 1019 730 litteras
1066 678 1317 729 nostras
1350 667 1773 749 privilegiales
1820 656 1936 729 sub
1971 655 2162 747 priori
2207 656 2413 750 sigillo
2445 677 2658 730 nostro
2707 654 2964 750 antiquo
3006 673 3350 746 emanatas„

782 777 949 837 hunc
1013 785 1295 837 tenorem
1356 796 1470 855 per
1534 777 1745 837 omnia
1808 777 2231 837 continentes:
2308 778 2386 853 (V
2404 777 2536 837 ide
2607 778 2770 837 doc.
2834 798 2888 838 a.
2961 774 3145 838 1279.
3209 777 3347 837 sub

783 885 900 944 No.
950 882 1096 959 31.).
1161 884 1298 944 Nos
1346 884 1555 963 itaque
1600 884 1915 945 mandatis
1962 884 2158 962 ipsius
2205 884 2438 944 domini
2485 885 2680 944 nostri
2729 884 2896 965 regis
2943 884 3198 945 obedire
3246 901 3349 943 cu-

784 992 1044 1069 pienteS,
1094 999 1162 1052 ut
1210 1000 1516 1067 tenemur,
1563 991 1711 1071 quia
1744 992 2124 1072 prescriptas
2155 991 2391 1052 litteras
2419 999 2683 1067 nostraS‚
2715 1000 2784 1051 ut
2814 986 3199 1070 premittitur,
3239 991 3354 1050 sub

785 1100 973 1177 priori
1006 1103 1260 1177 antiquo
1306 1107 1523 1159 nostro
1555 1100 1759 1180 sigillo
1792 1106 2138 1175 emanataS,
2171 1098 2451 1179 diligenti
2499 1099 2969 1159 examinacione
3010 1098 3356 1177 prehabita,

784 1210 847 1269 in
896 1207 1116 1287 sigillo,
1165 1208 1324 1282 stilo,
1372 1208 1682 1286 scriptura
1728 1215 1791 1267 et
1836 1215 2012 1267 carta
2058 1215 2271 1267 nostra
2317 1212 2451 1267 tore
2500 1217 2562 1267 et
2607 1208 2770 1267 iusto
2807 1208 2994 1267 modo
3042 1214 3353 1281 emanata,

786 1324 970 1396 prout
1010 1316 1213 1394 prima
1259 1314 1418 1375 facie
1468 1314 1829 1394 apparebat,
1897 1314 2334 1393 comperimuS,
2395 1314 2538 1374 ideo
2586 1314 2843 1375 easdem
2900 1315 2979 1374 de
3026 1314 3221 1373 verbo
3265 1314 3350 1373 ad

784 1424 1048 1485 verbum
1117 1422 1251 1483 sine
1325 1423 1742 1485 diminucione
1806 1429 1868 1483 et
1940 1430 2298 1503 augment0‚
2368 1422 2764 1500 presentibus
2833 1422 3051 1483 litteris
3123 1421 3352 1481 nostris

785 1530 977 1591 inseri
1040 1529 1344 1591 iacientes
1390 1540 1453 1589 et
1497 1530 1615 1589 sub
1678 1530 1961 1590 moderni
2020 1529 2216 1589 nostri
2278 1528 2464 1608 sigilli
2511 1528 2894 1607 appensione
2956 1536 3350 1601 renovanteS‚

786 1650 1067 1700 tenorem
1114 1639 1458 1699 earundem
1504 1636 1785 1716 predicto
1824 1637 2122 1698 Ladizlao
2171 1636 2596 1698 concessimus
2629 1638 2710 1697 ad
2744 1636 3070 1697 cautelam.
3118 1636 3350 1696 Datum

704 1800 707 1805 .
784 1748 944 1807 feria
987 1746 1181 1807 tercia
1230 1746 1511 1824 proxima
1557 1754 1701 1824 post
1744 1746 1975 1807 festum
2021 1744 2190 1807 beati
2237 1743 2520 1821 Dyonisii
2567 1745 2854 1815 martiriS,
2904 1762 3069 1803 anno
3117 1738 3347 1803 domini

788 1854 1113 1914 millesimo
1161 1852 1777 1932 quadringentesimo
1825 1852 2212 1913 duodecimo,

1003 1992 1286 2062 originale
1330 1993 1775 2060 membraneum,
1816 1992 2100 2062 appendet
2153 2008 2300 2047 zona
2337 1991 2552 2045 sericea
2607 1990 2760 2045 rubri
2799 1996 2856 2045 et
2894 1990 3089 2045 viridis
3147 1990 3353 2045 coloris

790 2084 1002 2153 absque
1040 2082 1240 2152 sigillo.
1277 2083 1337 2136 In
1378 2079 1519 2135 cista
1556 2081 1980 2136 communitatis
2014 2081 2289 2135 nobilium
2329 2080 2397 2133 de
2437 2081 2598 2134 Inter.
2637 2080 2924 2135 Lomnica.

1908 2346 1917 2351 ’
1974 2346 2180 2417 180.

1003 2516 1187 2575 Anno
1244 2510 1428 2575 1412.

1006 2711 1212 2771 Litera
1261 2710 1500 2770 Mathei
1564 2710 1671 2770 filii
1732 2709 1975 2770 Mathei
2045 2708 2286 2769 comitis
2350 2709 2679 2784 terrestris,
2745 2728 2932 2787 super
2979 2709 3160 2769 bonis
3227 2708 3356 2769 Ku-

796 2818 1003 2893 rilocz,
1057 2818 1211 2878 feria
1243 2817 1521 2878 secunda
1552 2816 1835 2896 proxima
1870 2826 2014 2881 ante
2062 2817 2290 2877 festum
2325 2863 2336 2876 .
2373 2864 2386 2876 .
2423 2864 2434 2876 .
2471 2864 2482 2876 .
2517 2817 2580 2876 in
2629 2836 2793 2877 anno
2836 2815 3020 2877 1412.
3062 2824 3359 2877 emanata

1012 2956 1339 3012 Memoriale
1383 2957 1673 3011 literarum
1713 2956 1966 3011 familiae
2019 2955 2511 3024 Pogledichianae.
2551 2956 2712 3025 Apud
2751 2956 3000 3010 nobilem
3055 2956 3355 3025 Georgium

800 3046 1059 3115 Pogledie
1096 3048 1152 3100 in
1193 3046 1493 3101 Kurilovec
1530 3046 1634 3101 No.
1671 3047 1756 3101 52.
2634 3048 2638 3051 ’

1983 3294 2188 3365 181.

1011 3462 1197 3521 Anno
1251 3414 1436 3522 1415.
1494 3458 1588 3521 17.
1637 3461 1861 3539 aprilis.
1954 3414 1957 3417 ⁴

806 3654 1057 3720 Coram
1104 3654 1407 3740 capitulo
1453 3653 1773 3719 ecclesiae
1818 3654 2334 3739 Zagrabiensis,
2367 3654 2620 3719 Petrus
2639 3652 2849 3739 filius
2896 3654 3094 3719 Petri
3155 3651 3361 3719 Wrad

1066 3763 1257 3840 dicti,
1304 3766 1629 3847 quartam
1669 3762 2074 3847 puellarem,
2118 3760 2478 3827 sororibus
2523 3762 2698 3841 sui-5,
2744 3762 3082 3847 assignat.

1016 3961 1325 4021 Omnibus
1373 3960 1606 4022 Christi
1656 3962 1942 4023 fidelibus
1991 3962 2384 4041 presentibus
2447 3963 2679 4041 pariter
2726 3972 2788 4022 et
2833 3962 3055 4023 futuris
3102 3982 3356 4042 presen-

803 4071 968 4131 cium
1025 4069 1318 4130 noticiam
1374 4070 1676 4130 habituris
1742 4070 2080 4150 capitulum
2128 4072 2390 4131 ecclesie
2467 4072 2914 4151 Zagrabiensis
2975 4071 3241 4131 salutem
3295 4072 3358 4131 in

802 4178 1078 4238 omnium
1140 4179 1469 4238 salvatore.
1562 4178 1664 4239 Ad
1712 4179 2146 4239 universorum
2205 4178 2498 4238 noticiam
2560 4179 2782 4239 harum
2844 4178 3006 4239 serie
3070 4179 3357 4238 volumus

802 4286 1145 4364 pervenire,
1216 4286 1383 4364 quod
1429 4286 1653 4345 Petrus
1716 4286 1876 4346 filius
1939 4286 2116 4347 Pauli
2164 4287 2364 4347 Wrad
2410 4286 2573 4362 dicti,
2644 4286 2751 4346 filii
2820 4286 2989 4346 Petri
3050 4287 3130 4346 de
3175 4287 3357 4345 Also-

802 4394 1192 4471 lompnycha,
1254 4409 1413 4453 onus
1461 4400 1523 4453 et
1568 4412 1916 4473 gravamen
1979 4394 2238 4474 Georgii
2287 4393 2491 4454 fratris
2558 4394 2656 4453 sui
2701 4394 2926 4453 uterini
2989 4394 3068 4453 de
3133 4395 3358 4454 eadem

801 4502 863 4561 in
896 4520 966 4561 se
997 4500 1201 4579 ipsum
1234 4503 1737 4581 assumpmendO,
1768 4503 1847 4563 ad
1879 4512 2158 4563 nostram
2205 4502 2615 4582 personaliter
2644 4502 2904 4562 veniens
2951 4502 3360 4581 presenciam,

804 4608 1126 4669 confessus
1192 4618 1289 4669 est
1334 4615 1399 4670 et
1446 4610 1650 4671 retulit
1714 4609 2054 4670 ministerio
2101 4610 2246 4670 vive
2309 4610 2481 4670 vocis
2527 4610 2592 4669 in
2638 4610 2803 4669 hunc
2858 4610 3130 4685 modum,
3195 4610 3362 4689 quod

803 4717 937 4795 ipse
998 4726 1219 4795 sponte
1269 4724 1331 4777 et
1376 4718 1638 4796 pacifice
1697 4717 2112 4778 fraternaliter
2159 4718 2396 4797 absque
2463 4718 2738 4797 quolibet
2799 4716 3174 4797 litigionario
3221 4736 3360 4795 pro-

804 4844 1004 4899 cessu,
1053 4833 1338 4904 quartam
1384 4827 1636 4887 filialem
1681 4824 1990 4887 nobilibus
2038 4826 2409 4886 dominabus
2455 4827 2659 4899 Anne,
2705 4824 3016 4887 Valentini
3063 4825 3170 4886 filii
3217 4824 3362 4885 Cle-

805 4931 1047 5007 mentiS,
1094 4933 1361 4993 hominis
1407 4933 1715 5014 ignobiliS,
1778 4954 1941 4994 nunc
1990 4933 2421 4994 inhabitatoris
2488 4933 2756 4993 civitatis
2804 4932 3364 5011 Montisgrecensis
