<?xml version="1.0" encoding="UTF-8"?>
<!DOCTYPE html PUBLIC "-//W3C//DTD XHTML 1.0 Transitional//EN"
    "http://www.w3.org/TR/xhtml1/DTD/xhtml1-transitional.dtd">
<html xmlns="http://www.w3.org/1999/xhtml" xml:lang="en" lang="en">
 <head>
  <title>
</title>
<meta http-equiv="Content-Type" content="text/html;charset=utf-8" />
  <meta name='ocr-system' content='tesseract 3.04.00' />
  <meta name='ocr-capabilities' content='ocr_page ocr_carea ocr_par ocr_line ocrx_word'/>
</head>
<body>
  <div class='ocr_page' id='page_1' title='image "./povjesnispomeni01laszgoog_0264.png"; bbox 0 0 3917 5592; ppageno 0'>
   <div class='ocr_carea' id='block_1_1' title="bbox 806 462 938 523">
    <p class='ocr_par' dir='ltr' id='par_1_1' title="bbox 806 462 938 523">
     <span class='ocr_line' id='line_1_1' title="bbox 806 462 938 523; baseline 0 0"><span class='ocrx_word' id='word_1_1' title='bbox 806 462 938 523; x_wconf 80' lang='lat'><strong>214</strong></span> 
     </span>
    </p>
   </div>
   <div class='ocr_carea' id='block_1_2' title="bbox 802 677 3363 863">
    <p class='ocr_par' dir='ltr' id='par_1_2' title="bbox 802 677 3363 863">
     <span class='ocr_line' id='line_1_2' title="bbox 817 677 3363 759; baseline 0 -22"><span class='ocrx_word' id='word_1_2' title='bbox 817 678 1256 757; x_wconf 87' lang='lat' dir='ltr'><strong>predictarum,</strong></span> <span class='ocrx_word' id='word_1_3' title='bbox 1353 697 1516 737; x_wconf 89' lang='lat' dir='ltr'><strong>anno</strong></span> <span class='ocrx_word' id='word_1_4' title='bbox 1616 677 1849 737; x_wconf 87' lang='lat' dir='ltr'><strong>domini</strong></span> <span class='ocrx_word' id='word_1_5' title='bbox 1935 677 2260 737; x_wconf 84' lang='lat' dir='ltr'><strong>millesimo</strong></span> <span class='ocrx_word' id='word_1_6' title='bbox 2344 679 2959 759; x_wconf 84' lang='lat' dir='ltr'><strong>quadringentesimo</strong></span> <span class='ocrx_word' id='word_1_7' title='bbox 3057 680 3363 759; x_wconf 87' lang='lat' dir='ltr'><strong>vigesimo</strong></span> 
     </span>
     <span class='ocr_line' id='line_1_3' title="bbox 802 783 1083 863; baseline 0.007 -20"><span class='ocrx_word' id='word_1_8' title='bbox 802 783 1083 863; x_wconf 79' lang='lat' dir='ltr'><strong>septimo,</strong></span> 
     </span>
    </p>
   </div>
   <div class='ocr_carea' id='block_1_3' title="bbox 1018 923 3358 996">
    <p class='ocr_par' dir='ltr' id='par_1_3' title="bbox 1018 923 3358 996">
     <span class='ocr_line' id='line_1_4' title="bbox 1018 923 3358 996; baseline 0 -18"><span class='ocrx_word' id='word_1_9' title='bbox 1018 925 1100 978; x_wconf 79' lang='lat' dir='ltr'><strong>Ad</strong></span> <span class='ocrx_word' id='word_1_10' title='bbox 1138 928 1467 996; x_wconf 83' lang='lat' dir='ltr'><strong>perpetuam</strong></span> <span class='ocrx_word' id='word_1_11' title='bbox 1498 923 1581 979; x_wconf 88' lang='lat' dir='ltr'><strong>rei</strong></span> <span class='ocrx_word' id='word_1_12' title='bbox 1607 924 1959 979; x_wconf 84' lang='lat' dir='ltr'><strong>memoriam.</strong></span> <span class='ocrx_word' id='word_1_13' title='bbox 1998 923 2116 980; x_wconf 88' lang='lat' dir='ltr'><strong>Nos</strong></span> <span class='ocrx_word' id='word_1_14' title='bbox 2141 924 2498 978; x_wconf 84' lang='lat' dir='ltr'><strong>Hermannus</strong></span> <span class='ocrx_word' id='word_1_15' title='bbox 2524 940 2718 979; x_wconf 90' lang='lat' dir='ltr'><strong>comes</strong></span> <span class='ocrx_word' id='word_1_16' title='bbox 2743 927 2800 979; x_wconf 94' lang='lat' dir='ltr'><strong>et</strong></span> <span class='ocrx_word' id='word_1_17' title='bbox 2825 925 3005 979; x_wconf 88' lang='lat' dir='ltr'><strong>banus</strong></span> <span class='ocrx_word' id='word_1_18' title='bbox 3031 929 3358 994; x_wconf 85' lang='lat' dir='ltr'><strong>prenotatus</strong></span> 
     </span>
    </p>
   </div>
   <div class='ocr_carea' id='block_1_4' title="bbox 800 1013 3376 1262">
    <p class='ocr_par' dir='ltr' id='par_1_4' title="bbox 800 1013 3376 1262">
     <span class='ocr_line' id='line_1_5' title="bbox 804 1013 3357 1083; baseline -0.001 -15"><span class='ocrx_word' id='word_1_19' title='bbox 804 1017 1002 1069; x_wconf 88' lang='lat' dir='ltr'><strong>notum</strong></span> <span class='ocrx_word' id='word_1_20' title='bbox 1060 1014 1301 1069; x_wconf 76' lang='lat' dir='ltr'><strong>facimus</strong></span> <span class='ocrx_word' id='word_1_21' title='bbox 1352 1013 1633 1068; x_wconf 86' lang='lat' dir='ltr'><strong>universis</strong></span> <span class='ocrx_word' id='word_1_22' title='bbox 1688 1029 1923 1083; x_wconf 78' lang='lat' dir='ltr'>presens</span> <span class='ocrx_word' id='word_1_23' title='bbox 1983 1031 2084 1083; x_wconf 87' lang='lat' dir='ltr'><strong>per</strong></span> <span class='ocrx_word' id='word_1_24' title='bbox 2129 1014 2416 1082; x_wconf 87' lang='lat' dir='ltr'><strong>scriptum,</strong></span> <span class='ocrx_word' id='word_1_25' title='bbox 2483 1013 2633 1082; x_wconf 87' lang='lat' dir='ltr'><strong>quod</strong></span> <span class='ocrx_word' id='word_1_26' title='bbox 2690 1013 2824 1082; x_wconf 87' lang='lat' dir='ltr'><strong>quia</strong></span> <span class='ocrx_word' id='word_1_27' title='bbox 2879 1013 3064 1067; x_wconf 87' lang='lat' dir='ltr'><strong>maius</strong></span> <span class='ocrx_word' id='word_1_28' title='bbox 3115 1013 3357 1082; x_wconf 75' lang='lat' dir='ltr'><strong>sigillum</strong></span> 
     </span>
     <span class='ocr_line' id='line_1_6' title="bbox 802 1101 3376 1190; baseline -0 -33"><span class='ocrx_word' id='word_1_29' title='bbox 802 1106 1059 1159; x_wconf 90' lang='lat' dir='ltr'><strong>nostrum</strong></span> <span class='ocrx_word' id='word_1_30' title='bbox 1099 1103 1250 1158; x_wconf 90' lang='lat' dir='ltr'><strong>sedis</strong></span> <span class='ocrx_word' id='word_1_31' title='bbox 1302 1101 1593 1157; x_wconf 88' lang='lat' dir='ltr'><strong>iudiciarie</strong></span> <span class='ocrx_word' id='word_1_32' title='bbox 1632 1103 2042 1172; x_wconf 84' lang='lat' dir='ltr'><strong>Zagrabiensis,</strong></span> <span class='ocrx_word' id='word_1_33' title='bbox 2099 1103 2204 1157; x_wconf 85' lang='lat' dir='ltr'><strong>sub</strong></span> <span class='ocrx_word' id='word_1_34' title='bbox 2251 1102 2589 1172; x_wconf 88' lang='lat' dir='ltr'><strong>quibusdam</strong></span> <span class='ocrx_word' id='word_1_35' title='bbox 2640 1101 2836 1172; x_wconf 81' lang='lat' dir='ltr'><strong>sigillis</strong></span> <span class='ocrx_word' id='word_1_36' title='bbox 2873 1103 3043 1158; x_wconf 88' lang='lat' dir='ltr'><strong>solito</strong></span> <span class='ocrx_word' id='word_1_37' title='bbox 3093 1118 3252 1157; x_wconf 89' lang='lat' dir='ltr'><strong>more</strong></span> <span class='ocrx_word' id='word_1_38' title='bbox 3301 1103 3376 1190; x_wconf 68' lang='lat'><strong>¹¹¹,</strong></span> 
     </span>
     <span class='ocr_line' id='line_1_7' title="bbox 800 1192 3358 1262; baseline 0 -16"><span class='ocrx_word' id='word_1_39' title='bbox 800 1197 951 1248; x_wconf 85' lang='lat' dir='ltr'><strong>certo</strong></span> <span class='ocrx_word' id='word_1_40' title='bbox 992 1194 1117 1248; x_wconf 88' lang='lat' dir='ltr'><strong>loco</strong></span> <span class='ocrx_word' id='word_1_41' title='bbox 1156 1192 1484 1262; x_wconf 87' lang='lat' dir='ltr'><strong>repositum,</strong></span> <span class='ocrx_word' id='word_1_42' title='bbox 1522 1192 1709 1262; x_wconf 88' lang='lat' dir='ltr'><strong>primo</strong></span> <span class='ocrx_word' id='word_1_43' title='bbox 1746 1209 1847 1262; x_wconf 88' lang='lat' dir='ltr'><strong>per</strong></span> <span class='ocrx_word' id='word_1_44' title='bbox 1872 1192 2157 1262; x_wconf 81' lang='lat' dir='ltr'><strong>quendam</strong></span> <span class='ocrx_word' id='word_1_45' title='bbox 2183 1192 2500 1246; x_wconf 87' lang='lat' dir='ltr'><strong>Fabianum</strong></span> <span class='ocrx_word' id='word_1_46' title='bbox 2527 1192 2784 1260; x_wconf 84' lang='lat' dir='ltr'><strong>Zlotergh</strong></span> <span class='ocrx_word' id='word_1_47' title='bbox 2825 1209 2894 1246; x_wconf 84' lang='lat' dir='ltr'><strong>ex</strong></span> <span class='ocrx_word' id='word_1_48' title='bbox 2921 1193 3166 1261; x_wconf 87' lang='lat' dir='ltr'><strong>quadam</strong></span> <span class='ocrx_word' id='word_1_49' title='bbox 3204 1193 3358 1261; x_wconf 65' lang='lat' dir='ltr'><strong>igno-</strong></span> 
     </span>
    </p>
   </div>
   <div class='ocr_carea' id='block_1_5' title="bbox 798 1280 3472 1354">
    <p class='ocr_par' dir='ltr' id='par_1_5' title="bbox 798 1280 3472 1354">
     <span class='ocr_line' id='line_1_8' title="bbox 798 1280 3472 1354; baseline -0.001 -18"><span class='ocrx_word' id='word_1_50' title='bbox 798 1283 993 1336; x_wconf 88' lang='lat' dir='ltr'><strong>rancia</strong></span> <span class='ocrx_word' id='word_1_51' title='bbox 1048 1286 1103 1336; x_wconf 88' lang='lat' dir='ltr'><strong>et</strong></span> <span class='ocrx_word' id='word_1_52' title='bbox 1152 1280 1576 1336; x_wconf 87' lang='lat' dir='ltr'><strong>inadvertencia</strong></span> <span class='ocrx_word' id='word_1_53' title='bbox 1642 1281 1871 1336; x_wconf 79' lang='lat' dir='ltr'><strong>incaute</strong></span> <span class='ocrx_word' id='word_1_54' title='bbox 1922 1285 2232 1336; x_wconf 89' lang='lat' dir='ltr'><strong>reseratum</strong></span> <span class='ocrx_word' id='word_1_55' title='bbox 2295 1285 2352 1335; x_wconf 87' lang='lat' dir='ltr'><strong>et</strong></span> <span class='ocrx_word' id='word_1_56' title='bbox 2401 1283 2676 1351; x_wconf 87' lang='lat' dir='ltr'><strong>apertum,</strong></span> <span class='ocrx_word' id='word_1_57' title='bbox 2725 1281 3204 1354; x_wconf 80' lang='lat' dir='ltr'><strong>postmodumque</strong></span> <span class='ocrx_word' id='word_1_58' title='bbox 3253 1282 3356 1335; x_wconf 91' lang='lat' dir='ltr'><strong>sub</strong></span> <span class='ocrx_word' id='word_1_59' title='bbox 3465 1289 3472 1294; x_wconf 87' lang='lat'>&#39;</span> 
     </span>
    </p>
   </div>
   <div class='ocr_carea' id='block_1_6' title="bbox 795 1371 3360 2512">
    <p class='ocr_par' dir='ltr' id='par_1_6' title="bbox 795 1371 3360 2512">
     <span class='ocr_line' id='line_1_9' title="bbox 800 1371 3358 1450; baseline -0.001 -23"><span class='ocrx_word' id='word_1_60' title='bbox 800 1372 965 1427; x_wconf 89' lang='lat' dir='ltr'><strong>certis</strong></span> <span class='ocrx_word' id='word_1_61' title='bbox 1002 1371 1199 1440; x_wconf 82' lang='lat' dir='ltr'>sigillis</span> <span class='ocrx_word' id='word_1_62' title='bbox 1240 1371 1601 1426; x_wconf 87' lang='lat' dir='ltr'><strong>dominorum</strong></span> <span class='ocrx_word' id='word_1_63' title='bbox 1640 1371 2048 1426; x_wconf 90' lang='lat' dir='ltr'><strong>canonicorum</strong></span> <span class='ocrx_word' id='word_1_64' title='bbox 2099 1371 2560 1439; x_wconf 81' lang='lat' dir='ltr'><strong>Zagrabiensium</strong></span> <span class='ocrx_word' id='word_1_65' title='bbox 2601 1371 2659 1425; x_wconf 92' lang='lat' dir='ltr'><strong>in</strong></span> <span class='ocrx_word' id='word_1_66' title='bbox 2698 1387 2897 1425; x_wconf 91' lang='lat' dir='ltr'><strong>eorum</strong></span> <span class='ocrx_word' id='word_1_67' title='bbox 2951 1371 3210 1426; x_wconf 81' lang='lat' dir='ltr'><strong>sacristia</strong></span> <span class='ocrx_word' id='word_1_68' title='bbox 3241 1445 3245 1450; x_wconf 22' lang='lat'><em>&#39;</em></span> <span class='ocrx_word' id='word_1_69' title='bbox 3258 1387 3358 1441; x_wconf 90' lang='lat' dir='ltr'><strong>per</strong></span> 
     </span>
     <span class='ocr_line' id='line_1_10' title="bbox 798 1460 3356 1536; baseline -0 -22"><span class='ocrx_word' id='word_1_70' title='bbox 798 1461 1039 1514; x_wconf 89' lang='lat' dir='ltr'><strong>eundem</strong></span> <span class='ocrx_word' id='word_1_71' title='bbox 1078 1460 1391 1514; x_wconf 86' lang='lat' dir='ltr'><strong>Fabianum</strong></span> <span class='ocrx_word' id='word_1_72' title='bbox 1430 1461 1743 1529; x_wconf 87' lang='lat' dir='ltr'><strong>repositum</strong></span> <span class='ocrx_word' id='word_1_73' title='bbox 1784 1461 1903 1529; x_wconf 82' lang='lat' dir='ltr'><strong>fuit,</strong></span> <span class='ocrx_word' id='word_1_74' title='bbox 1942 1461 2285 1529; x_wconf 81' lang='lat' dir='ltr'><strong>tandemque</strong></span> <span class='ocrx_word' id='word_1_75' title='bbox 2323 1477 2425 1530; x_wconf 91' lang='lat' dir='ltr'><strong>per</strong></span> <span class='ocrx_word' id='word_1_76' title='bbox 2463 1461 2712 1515; x_wconf 89' lang='lat' dir='ltr'><strong>Marcum</strong></span> <span class='ocrx_word' id='word_1_77' title='bbox 2751 1461 2821 1515; x_wconf 90' lang='lat' dir='ltr'><strong>de</strong></span> <span class='ocrx_word' id='word_1_78' title='bbox 2841 1461 3103 1536; x_wconf 42' lang='lat' dir='ltr'><strong>,Klokoeh</strong></span> <span class='ocrx_word' id='word_1_79' title='bbox 3139 1460 3356 1530; x_wconf 84' lang='lat' dir='ltr'><strong>pridem</strong></span> 
     </span>
     <span class='ocr_line' id='line_1_11' title="bbox 798 1548 3354 1620; baseline 0 -17"><span class='ocrx_word' id='word_1_80' title='bbox 798 1548 1192 1603; x_wconf 79' lang='lat' dir='ltr'><strong>vicecomitem</strong></span> <span class='ocrx_word' id='word_1_81' title='bbox 1230 1549 1381 1603; x_wconf 90' lang='lat' dir='ltr'><strong>sedis</strong></span> <span class='ocrx_word' id='word_1_82' title='bbox 1408 1553 1721 1618; x_wconf 61' lang='lat' dir='ltr'><strong>prenotate,</strong></span> <span class='ocrx_word' id='word_1_83' title='bbox 1764 1565 1833 1603; x_wconf 86' lang='lat' dir='ltr'><strong>ex</strong></span> <span class='ocrx_word' id='word_1_84' title='bbox 1872 1549 2209 1604; x_wconf 90' lang='lat' dir='ltr'><strong>induccione</strong></span> <span class='ocrx_word' id='word_1_85' title='bbox 2247 1549 2464 1604; x_wconf 80' lang='lat' dir='ltr'><strong>Nicolai</strong></span> <span class='ocrx_word' id='word_1_86' title='bbox 2504 1551 2572 1604; x_wconf 86' lang='lat' dir='ltr'><strong>de</strong></span> <span class='ocrx_word' id='word_1_87' title='bbox 2609 1549 2908 1620; x_wconf 74' lang='lat' dir='ltr'><strong>Drenowa,</strong></span> <span class='ocrx_word' id='word_1_88' title='bbox 2943 1549 3354 1620; x_wconf 83' lang='lat' dir='ltr'><strong>protonotharii</strong></span> 
     </span>
     <span class='ocr_line' id='line_1_12' title="bbox 799 1637 3356 1708; baseline 0.001 -17"><span class='ocrx_word' id='word_1_89' title='bbox 799 1637 1054 1692; x_wconf 88' lang='lat' dir='ltr'><strong>eiusdem</strong></span> <span class='ocrx_word' id='word_1_90' title='bbox 1092 1638 1258 1708; x_wconf 83' lang='lat' dir='ltr'><strong>sedis,</strong></span> <span class='ocrx_word' id='word_1_91' title='bbox 1300 1639 1371 1692; x_wconf 88' lang='lat' dir='ltr'><strong>de</strong></span> <span class='ocrx_word' id='word_1_92' title='bbox 1406 1637 1531 1707; x_wconf 86' lang='lat' dir='ltr'><strong>ipsa</strong></span> <span class='ocrx_word' id='word_1_93' title='bbox 1568 1637 1828 1693; x_wconf 81' lang='lat' dir='ltr'><strong>sacristia</strong></span> <span class='ocrx_word' id='word_1_94' title='bbox 1854 1642 2151 1707; x_wconf 84' lang='lat' dir='ltr'><strong>exceptum</strong></span> <span class='ocrx_word' id='word_1_95' title='bbox 2191 1643 2248 1693; x_wconf 87' lang='lat' dir='ltr'><strong>et</strong></span> <span class='ocrx_word' id='word_1_96' title='bbox 2285 1639 2550 1693; x_wconf 83' lang='lat' dir='ltr'><strong>hincinde</strong></span> <span class='ocrx_word' id='word_1_97' title='bbox 2575 1639 2848 1694; x_wconf 83' lang='lat' dir='ltr'><strong>inutiliter</strong></span> <span class='ocrx_word' id='word_1_98' title='bbox 2872 1641 3120 1695; x_wconf 88' lang='lat' dir='ltr'><strong>delatum</strong></span> <span class='ocrx_word' id='word_1_99' title='bbox 3157 1639 3356 1708; x_wconf 86' lang='lat' dir='ltr'><strong>extitit,</strong></span> 
     </span>
     <span class='ocr_line' id='line_1_13' title="bbox 795 1726 3356 1798; baseline 0.002 -18"><span class='ocrx_word' id='word_1_100' title='bbox 795 1726 1036 1795; x_wconf 88' lang='lat' dir='ltr'><strong>plurime</strong></span> <span class='ocrx_word' id='word_1_101' title='bbox 1074 1727 1255 1781; x_wconf 88' lang='lat' dir='ltr'><strong>eciam</strong></span> <span class='ocrx_word' id='word_1_102' title='bbox 1282 1727 1442 1781; x_wconf 85' lang='lat' dir='ltr'><strong>litere</strong></span> <span class='ocrx_word' id='word_1_103' title='bbox 1479 1731 1611 1797; x_wconf 88' lang='lat' dir='ltr'><strong>post</strong></span> <span class='ocrx_word' id='word_1_104' title='bbox 1649 1728 1975 1783; x_wconf 87' lang='lat' dir='ltr'><strong>huiusmodi</strong></span> <span class='ocrx_word' id='word_1_105' title='bbox 2018 1727 2198 1796; x_wconf 88' lang='lat' dir='ltr'><strong>ipsius</strong></span> <span class='ocrx_word' id='word_1_106' title='bbox 2227 1727 2394 1797; x_wconf 80' lang='lat' dir='ltr'><strong>sigilli</strong></span> <span class='ocrx_word' id='word_1_107' title='bbox 2435 1729 2776 1798; x_wconf 86' lang='lat' dir='ltr'><strong>excepcione</strong></span> <span class='ocrx_word' id='word_1_108' title='bbox 2797 1731 2901 1784; x_wconf 80' lang='lat' dir='ltr'><strong>sub</strong></span> <span class='ocrx_word' id='word_1_109' title='bbox 2928 1729 3130 1784; x_wconf 90' lang='lat' dir='ltr'><strong>eodem</strong></span> <span class='ocrx_word' id='word_1_110' title='bbox 3155 1729 3356 1798; x_wconf 82' lang='lat' dir='ltr'><strong>sigi110,</strong></span> 
     </span>
     <span class='ocr_line' id='line_1_14' title="bbox 798 1815 3358 1884; baseline 0.001 -15"><span class='ocrx_word' id='word_1_111' title='bbox 798 1819 860 1870; x_wconf 92' lang='lat' dir='ltr'><strong>ut</strong></span> <span class='ocrx_word' id='word_1_112' title='bbox 898 1815 1115 1884; x_wconf 90' lang='lat' dir='ltr'><strong>dicitur,</strong></span> <span class='ocrx_word' id='word_1_113' title='bbox 1158 1816 1349 1884; x_wconf 91' lang='lat' dir='ltr'><strong>inique</strong></span> <span class='ocrx_word' id='word_1_114' title='bbox 1388 1821 1444 1871; x_wconf 89' lang='lat' dir='ltr'><strong>et</strong></span> <span class='ocrx_word' id='word_1_115' title='bbox 1482 1817 1865 1871; x_wconf 65' lang='lat' dir='ltr'><strong>haudulenter</strong></span> <span class='ocrx_word' id='word_1_116' title='bbox 1902 1820 2167 1871; x_wconf 86' lang='lat' dir='ltr'><strong>emanate</strong></span> <span class='ocrx_word' id='word_1_117' title='bbox 2205 1816 2473 1871; x_wconf 79' lang='lat' dir='ltr'><strong>fuissent:</strong></span> <span class='ocrx_word' id='word_1_118' title='bbox 2513 1818 2586 1872; x_wconf 90' lang='lat' dir='ltr'><strong>ob</strong></span> <span class='ocrx_word' id='word_1_119' title='bbox 2624 1819 2736 1872; x_wconf 88' lang='lat' dir='ltr'><strong>hoc</strong></span> <span class='ocrx_word' id='word_1_120' title='bbox 2772 1833 2879 1872; x_wconf 90' lang='lat' dir='ltr'><strong>nos</strong></span> <span class='ocrx_word' id='word_1_121' title='bbox 2917 1833 3161 1872; x_wconf 88' lang='lat' dir='ltr'><strong>unacum</strong></span> <span class='ocrx_word' id='word_1_122' title='bbox 3197 1818 3358 1872; x_wconf 87' lang='lat' dir='ltr'><strong>nobi-</strong></span> 
     </span>
     <span class='ocr_line' id='line_1_15' title="bbox 799 1905 3360 1974; baseline 0.001 -17"><span class='ocrx_word' id='word_1_123' title='bbox 799 1905 947 1958; x_wconf 90' lang='lat' dir='ltr'><strong>libus</strong></span> <span class='ocrx_word' id='word_1_124' title='bbox 974 1905 1129 1974; x_wconf 88' lang='lat' dir='ltr'><strong>regni</strong></span> <span class='ocrx_word' id='word_1_125' title='bbox 1169 1905 1559 1974; x_wconf 77' lang='lat' dir='ltr'><strong>deliberantes,</strong></span> <span class='ocrx_word' id='word_1_126' title='bbox 1600 1906 1787 1974; x_wconf 88' lang='lat' dir='ltr'><strong>ipsum</strong></span> <span class='ocrx_word' id='word_1_127' title='bbox 1826 1905 2090 1974; x_wconf 85' lang='lat' dir='ltr'><strong>sigillum,</strong></span> <span class='ocrx_word' id='word_1_128' title='bbox 2129 1905 2211 1959; x_wconf 90' lang='lat' dir='ltr'><strong>sic</strong></span> <span class='ocrx_word' id='word_1_129' title='bbox 2249 1909 2311 1958; x_wconf 88' lang='lat' dir='ltr'><strong>ut</strong></span> <span class='ocrx_word' id='word_1_130' title='bbox 2337 1906 2681 1974; x_wconf 85' lang='lat' dir='ltr'><strong>premittitur</strong></span> <span class='ocrx_word' id='word_1_131' title='bbox 2708 1907 2929 1961; x_wconf 84' lang='lat' dir='ltr'><strong>incaute</strong></span> <span class='ocrx_word' id='word_1_132' title='bbox 2955 1911 3265 1962; x_wconf 87' lang='lat' dir='ltr'><strong>reseratum</strong></span> <span class='ocrx_word' id='word_1_133' title='bbox 3303 1909 3360 1960; x_wconf 88' lang='lat' dir='ltr'><strong>et</strong></span> 
     </span>
     <span class='ocr_line' id='line_1_16' title="bbox 798 1993 3356 2076; baseline 0.001 -29"><span class='ocrx_word' id='word_1_134' title='bbox 798 1993 1070 2048; x_wconf 89' lang='lat' dir='ltr'><strong>inutiliter</strong></span> <span class='ocrx_word' id='word_1_135' title='bbox 1109 1996 1356 2049; x_wconf 88' lang='lat' dir='ltr'><strong>delatum</strong></span> <span class='ocrx_word' id='word_1_136' title='bbox 1393 1997 1749 2065; x_wconf 84' lang='lat' dir='ltr'><strong>permactari,</strong></span> <span class='ocrx_word' id='word_1_137' title='bbox 1806 1997 2048 2064; x_wconf 87' lang='lat' dir='ltr'><strong>locoque</strong></span> <span class='ocrx_word' id='word_1_138' title='bbox 2087 1995 2341 2050; x_wconf 85' lang='lat' dir='ltr'><strong>eiusdem</strong></span> <span class='ocrx_word' id='word_1_139' title='bbox 2394 2011 2497 2066; x_wconf 90' lang='lat' dir='ltr'><strong>pro</strong></span> <span class='ocrx_word' id='word_1_140' title='bbox 2537 1995 2818 2076; x_wconf 72' lang='lat' dir='ltr'><strong>evitandis</strong></span> <span class='ocrx_word' id='word_1_141' title='bbox 2868 1997 3152 2051; x_wconf 87' lang='lat' dir='ltr'><strong>scandalis</strong></span> <span class='ocrx_word' id='word_1_142' title='bbox 3203 1996 3356 2051; x_wconf 91' lang='lat' dir='ltr'><strong>aliud</strong></span> 
     </span>
     <span class='ocr_line' id='line_1_17' title="bbox 798 2082 3358 2154; baseline 0.002 -18"><span class='ocrx_word' id='word_1_143' title='bbox 798 2082 1039 2150; x_wconf 78' lang='lat' dir='ltr'><strong>sigillum</strong></span> <span class='ocrx_word' id='word_1_144' title='bbox 1080 2098 1294 2138; x_wconf 82' lang='lat' dir='ltr'><strong>novum</strong></span> <span class='ocrx_word' id='word_1_145' title='bbox 1332 2084 1677 2139; x_wconf 89' lang='lat' dir='ltr'><strong>autenticum</strong></span> <span class='ocrx_word' id='word_1_146' title='bbox 1716 2084 1896 2153; x_wconf 89' lang='lat' dir='ltr'><strong>sculpi</strong></span> <span class='ocrx_word' id='word_1_147' title='bbox 1956 2084 2244 2153; x_wconf 85' lang='lat' dir='ltr'><strong>facientes,</strong></span> <span class='ocrx_word' id='word_1_148' title='bbox 2297 2100 2496 2139; x_wconf 90' lang='lat' dir='ltr'><strong>omnes</strong></span> <span class='ocrx_word' id='word_1_149' title='bbox 2534 2101 2759 2154; x_wconf 89' lang='lat' dir='ltr'><strong>quoque</strong></span> <span class='ocrx_word' id='word_1_150' title='bbox 2797 2085 2988 2140; x_wconf 85' lang='lat' dir='ltr'><strong>literas</strong></span> <span class='ocrx_word' id='word_1_151' title='bbox 3027 2089 3082 2141; x_wconf 89' lang='lat' dir='ltr'><strong>et</strong></span> <span class='ocrx_word' id='word_1_152' title='bbox 3116 2087 3358 2152; x_wconf 70' lang='lat' dir='ltr'><strong>literalia</strong></span> 
     </span>
     <span class='ocr_line' id='line_1_18' title="bbox 797 2173 3356 2246; baseline 0.002 -21"><span class='ocrx_word' id='word_1_153' title='bbox 797 2173 1173 2227; x_wconf 84' lang='lat' dir='ltr'><strong>instrumenta</strong></span> <span class='ocrx_word' id='word_1_154' title='bbox 1210 2173 1313 2228; x_wconf 87' lang='lat' dir='ltr'><strong>sub</strong></span> <span class='ocrx_word' id='word_1_155' title='bbox 1354 2175 1555 2228; x_wconf 88' lang='lat' dir='ltr'><strong>eodem</strong></span> <span class='ocrx_word' id='word_1_156' title='bbox 1594 2174 1768 2244; x_wconf 86' lang='lat' dir='ltr'><strong>priori</strong></span> <span class='ocrx_word' id='word_1_157' title='bbox 1806 2175 1991 2240; x_wconf 81' lang='lat' dir='ltr'><strong>sigillo</strong></span> <span class='ocrx_word' id='word_1_158' title='bbox 2031 2175 2318 2229; x_wconf 85' lang='lat' dir='ltr'><strong>confectas</strong></span> <span class='ocrx_word' id='word_1_159' title='bbox 2363 2177 2418 2228; x_wconf 86' lang='lat' dir='ltr'><strong>et</strong></span> <span class='ocrx_word' id='word_1_160' title='bbox 2455 2180 2735 2245; x_wconf 85' lang='lat' dir='ltr'><strong>emanata,</strong></span> <span class='ocrx_word' id='word_1_161' title='bbox 2787 2176 2912 2246; x_wconf 88' lang='lat' dir='ltr'><strong>ipso</strong></span> <span class='ocrx_word' id='word_1_162' title='bbox 2969 2192 3122 2231; x_wconf 87' lang='lat' dir='ltr'><strong>novo</strong></span> <span class='ocrx_word' id='word_1_163' title='bbox 3173 2178 3356 2246; x_wconf 82' lang='lat' dir='ltr'><strong>sigillo</strong></span> 
     </span>
     <span class='ocr_line' id='line_1_19' title="bbox 800 2262 3356 2336; baseline 0.002 -22"><span class='ocrx_word' id='word_1_164' title='bbox 800 2262 904 2315; x_wconf 84' lang='lat' dir='ltr'><strong>sub</strong></span> <span class='ocrx_word' id='word_1_165' title='bbox 943 2278 1092 2330; x_wconf 88' lang='lat' dir='ltr'><strong>pena</strong></span> <span class='ocrx_word' id='word_1_166' title='bbox 1143 2263 1536 2318; x_wconf 85' lang='lat' dir='ltr'><strong>revocacionis</strong></span> <span class='ocrx_word' id='word_1_167' title='bbox 1574 2268 1630 2317; x_wconf 92' lang='lat' dir='ltr'><strong>et</strong></span> <span class='ocrx_word' id='word_1_168' title='bbox 1667 2264 2019 2318; x_wconf 86' lang='lat' dir='ltr'><strong>cassacionis</strong></span> <span class='ocrx_word' id='word_1_169' title='bbox 2059 2264 2316 2318; x_wconf 89' lang='lat' dir='ltr'><strong>omnium</strong></span> <span class='ocrx_word' id='word_1_170' title='bbox 2371 2265 2659 2319; x_wconf 88' lang='lat' dir='ltr'><strong>literarum</strong></span> <span class='ocrx_word' id='word_1_171' title='bbox 2699 2282 2813 2320; x_wconf 92' lang='lat' dir='ltr'><strong>non</strong></span> <span class='ocrx_word' id='word_1_172' title='bbox 2851 2266 3356 2336; x_wconf 89' lang='lat' dir='ltr'><strong>producendarum,</strong></span> 
     </span>
     <span class='ocr_line' id='line_1_20' title="bbox 796 2351 3356 2421; baseline 0.003 -18"><span class='ocrx_word' id='word_1_173' title='bbox 796 2355 852 2404; x_wconf 88' lang='lat' dir='ltr'><strong>et</strong></span> <span class='ocrx_word' id='word_1_174' title='bbox 890 2351 1014 2421; x_wconf 89' lang='lat' dir='ltr'><strong>ipso</strong></span> <span class='ocrx_word' id='word_1_175' title='bbox 1054 2367 1207 2406; x_wconf 87' lang='lat' dir='ltr'><strong>novo</strong></span> <span class='ocrx_word' id='word_1_176' title='bbox 1244 2352 1428 2421; x_wconf 80' lang='lat' dir='ltr'><strong>sigillo</strong></span> <span class='ocrx_word' id='word_1_177' title='bbox 1468 2353 1703 2407; x_wconf 87' lang='lat' dir='ltr'><strong>minime</strong></span> <span class='ocrx_word' id='word_1_178' title='bbox 1743 2353 2260 2407; x_wconf 85' lang='lat' dir='ltr'><strong>confirmandarum</strong></span> <span class='ocrx_word' id='word_1_179' title='bbox 2300 2355 2556 2408; x_wconf 74' lang='lat' dir='ltr'><strong>roborari</strong></span> <span class='ocrx_word' id='word_1_180' title='bbox 2597 2359 2653 2407; x_wconf 91' lang='lat' dir='ltr'><strong>et</strong></span> <span class='ocrx_word' id='word_1_181' title='bbox 2670 2355 2937 2410; x_wconf 81' lang='lat' dir='ltr'><strong>ratificarl</strong></span> <span class='ocrx_word' id='word_1_182' title='bbox 2967 2357 3356 2410; x_wconf 85' lang='lat' dir='ltr'><strong>commisimus</strong></span> 
     </span>
     <span class='ocr_line' id='line_1_21' title="bbox 798 2441 3231 2512; baseline 0.003 -20"><span class='ocrx_word' id='word_1_183' title='bbox 798 2443 1071 2509; x_wconf 87' lang='lat' dir='ltr'><strong>perpetuo</strong></span> <span class='ocrx_word' id='word_1_184' title='bbox 1110 2441 1399 2496; x_wconf 86' lang='lat' dir='ltr'><strong>valituras.</strong></span> <span class='ocrx_word' id='word_1_185' title='bbox 1438 2444 1607 2497; x_wconf 80' lang='lat' dir='ltr'><strong>Anno</strong></span> <span class='ocrx_word' id='word_1_186' title='bbox 1645 2442 1860 2497; x_wconf 90' lang='lat' dir='ltr'><strong>domini</strong></span> <span class='ocrx_word' id='word_1_187' title='bbox 1904 2443 1997 2496; x_wconf 85' lang='lat' dir='ltr'><strong>M⁰.</strong></span> <span class='ocrx_word' id='word_1_188' title='bbox 2048 2443 2602 2512; x_wconf 81' lang='lat' dir='ltr'><strong>quadringentesimo</strong></span> <span class='ocrx_word' id='word_1_189' title='bbox 2641 2445 2926 2500; x_wconf 89' lang='lat' dir='ltr'><strong>tricesimo</strong></span> <span class='ocrx_word' id='word_1_190' title='bbox 2965 2446 3231 2500; x_wconf 89' lang='lat' dir='ltr'><strong>secund0.</strong></span> 
     </span>
    </p>
   </div>
   <div class='ocr_carea' id='block_1_7' title="bbox 1008 2530 2216 2615">
    <p class='ocr_par' dir='ltr' id='par_1_7' title="bbox 1008 2530 2216 2615">
     <span class='ocr_line' id='line_1_22' title="bbox 1008 2530 2216 2615; baseline 0.002 -22"><span class='ocrx_word' id='word_1_191' title='bbox 1008 2533 1033 2593; x_wconf 88' lang='lat'>1</span> <span class='ocrx_word' id='word_1_192' title='bbox 1057 2554 1097 2593; x_wconf 88' lang='lat' dir='ltr'><strong>n</strong></span> <span class='ocrx_word' id='word_1_193' title='bbox 1146 2555 1182 2596; x_wconf 94' lang='lat' dir='ltr'><strong>c</strong></span> <span class='ocrx_word' id='word_1_194' title='bbox 1208 2554 1246 2594; x_wconf 88' lang='lat' dir='ltr'><strong>a</strong></span> <span class='ocrx_word' id='word_1_195' title='bbox 1272 2535 1351 2595; x_wconf 89' lang='lat' dir='ltr'><strong>lc</strong></span> <span class='ocrx_word' id='word_1_196' title='bbox 1378 2555 1413 2594; x_wconf 91' lang='lat' dir='ltr'><strong>e</strong></span> <span class='ocrx_word' id='word_1_197' title='bbox 1440 2557 1452 2596; x_wconf 91' lang='lat'><strong>:</strong></span> <span class='ocrx_word' id='word_1_198' title='bbox 1503 2538 1694 2597; x_wconf 88' lang='lat' dir='ltr'><strong>Lecta</strong></span> <span class='ocrx_word' id='word_1_199' title='bbox 1742 2547 1805 2597; x_wconf 90' lang='lat' dir='ltr'><strong>et</strong></span> <span class='ocrx_word' id='word_1_200' title='bbox 1852 2530 2216 2615; x_wconf 86' lang='lat' dir='ltr'><strong>approbata.</strong></span> 
     </span>
    </p>
   </div>
   <div class='ocr_carea' id='block_1_8' title="bbox 788 2673 3354 2921">
    <p class='ocr_par' dir='ltr' id='par_1_8' title="bbox 788 2673 3354 2921">
     <span class='ocr_line' id='line_1_23' title="bbox 1012 2673 3354 2746; baseline 0.004 -19"><span class='ocrx_word' id='word_1_201' title='bbox 1012 2673 1295 2742; x_wconf 80' lang='lat' dir='ltr'><strong>originale</strong></span> <span class='ocrx_word' id='word_1_202' title='bbox 1334 2676 1779 2738; x_wconf 84' lang='lat' dir='ltr'><strong>membraneum,</strong></span> <span class='ocrx_word' id='word_1_203' title='bbox 1837 2676 2086 2745; x_wconf 76' lang='lat' dir='ltr'><strong>sigillum</strong></span> <span class='ocrx_word' id='word_1_204' title='bbox 2127 2681 2182 2731; x_wconf 94' lang='lat' dir='ltr'><strong>et</strong></span> <span class='ocrx_word' id='word_1_205' title='bbox 2219 2692 2366 2732; x_wconf 86' lang='lat' dir='ltr'><strong>zona</strong></span> <span class='ocrx_word' id='word_1_206' title='bbox 2404 2678 2584 2746; x_wconf 88' lang='lat' dir='ltr'><strong>periit.</strong></span> <span class='ocrx_word' id='word_1_207' title='bbox 2623 2679 2683 2732; x_wconf 90' lang='lat' dir='ltr'><strong>In</strong></span> <span class='ocrx_word' id='word_1_208' title='bbox 2729 2681 2881 2734; x_wconf 88' lang='lat' dir='ltr'><strong>arch.</strong></span> <span class='ocrx_word' id='word_1_209' title='bbox 2933 2681 3122 2735; x_wconf 89' lang='lat' dir='ltr'><strong>accad.</strong></span> <span class='ocrx_word' id='word_1_210' title='bbox 3161 2681 3354 2736; x_wconf 87' lang='lat' dir='ltr'><strong>scient.</strong></span> 
     </span>
     <span class='ocr_line' id='line_1_24' title="bbox 790 2757 3354 2838; baseline 0.003 -22"><span class='ocrx_word' id='word_1_211' title='bbox 790 2757 1010 2817; x_wconf 86' lang='lat' dir='ltr'><strong>Slavor.</strong></span> <span class='ocrx_word' id='word_1_212' title='bbox 1048 2763 1242 2818; x_wconf 88' lang='lat' dir='ltr'><strong>merid.</strong></span> <span class='ocrx_word' id='word_1_213' title='bbox 1282 2765 1605 2833; x_wconf 82' lang='lat' dir='ltr'><strong>Zagrabiae.</strong></span> <span class='ocrx_word' id='word_1_214' title='bbox 1653 2767 1700 2820; x_wconf 88' lang='lat' dir='ltr'>A</span> <span class='ocrx_word' id='word_1_215' title='bbox 1739 2768 1894 2834; x_wconf 85' lang='lat' dir='ltr'><strong>tergo</strong></span> <span class='ocrx_word' id='word_1_216' title='bbox 1935 2767 2260 2820; x_wconf 86' lang='lat' dir='ltr'><strong>annotatio:</strong></span> <span class='ocrx_word' id='word_1_217' title='bbox 2315 2766 2501 2820; x_wconf 75' lang='lat' dir='ltr'><strong>Litera</strong></span> <span class='ocrx_word' id='word_1_218' title='bbox 2541 2785 2710 2838; x_wconf 88' lang='lat' dir='ltr'><strong>super</strong></span> <span class='ocrx_word' id='word_1_219' title='bbox 2759 2770 3123 2837; x_wconf 86' lang='lat' dir='ltr'><strong>possessione</strong></span> <span class='ocrx_word' id='word_1_220' title='bbox 3179 2769 3354 2824; x_wconf 89' lang='lat' dir='ltr'><strong>Odra-</strong></span> 
     </span>
     <span class='ocr_line' id='line_1_25' title="bbox 788 2852 1145 2921; baseline 0.003 -16"><span class='ocrx_word' id='word_1_221' title='bbox 788 2852 1145 2921; x_wconf 82' lang='lat' dir='ltr'><strong>zenthgergh.</strong></span> 
     </span>
    </p>
   </div>
   <div class='ocr_carea' id='block_1_9' title="bbox 1004 3305 2195 3604">
    <p class='ocr_par' dir='ltr' id='par_1_9' title="bbox 1004 3305 2195 3604">
     <span class='ocr_line' id='line_1_26' title="bbox 1985 3305 2195 3377; baseline 0.01 -2"><span class='ocrx_word' id='word_1_222' title='bbox 1985 3305 2040 3375; x_wconf 71' lang='grc' dir='ltr'><strong>Ω</strong></span> <span class='ocrx_word' id='word_1_223' title='bbox 2058 3311 2095 3377; x_wconf 76' lang='lat'>1</span> <span class='ocrx_word' id='word_1_224' title='bbox 2109 3307 2195 3377; x_wconf 82' lang='lat'><strong>4.</strong></span> 
     </span>
     <span class='ocr_line' id='line_1_27' title="bbox 1004 3520 1854 3604; baseline 0.002 -22"><span class='ocrx_word' id='word_1_225' title='bbox 1004 3520 1192 3582; x_wconf 89' lang='lat' dir='ltr'><strong>Anno</strong></span> <span class='ocrx_word' id='word_1_226' title='bbox 1252 3520 1436 3583; x_wconf 83' lang='lat'><strong>1427.</strong></span> <span class='ocrx_word' id='word_1_227' title='bbox 1484 3523 1854 3604; x_wconf 85' lang='lat' dir='ltr'><strong>Zagrabiae.</strong></span> 
     </span>
    </p>
   </div>
   <div class='ocr_carea' id='block_1_10' title="bbox 802 3736 3357 4150">
    <p class='ocr_par' dir='ltr' id='par_1_10' title="bbox 802 3736 3357 4150">
     <span class='ocr_line' id='line_1_28' title="bbox 1020 3736 3354 3830; baseline 0.002 -35"><span class='ocrx_word' id='word_1_228' title='bbox 1020 3736 1230 3796; x_wconf 89' lang='lat' dir='ltr'><strong>Litera</strong></span> <span class='ocrx_word' id='word_1_229' title='bbox 1276 3756 1465 3815; x_wconf 89' lang='lat' dir='ltr'><strong>super</strong></span> <span class='ocrx_word' id='word_1_230' title='bbox 1496 3737 1677 3797; x_wconf 89' lang='lat' dir='ltr'><strong>bonis</strong></span> <span class='ocrx_word' id='word_1_231' title='bbox 1706 3738 2008 3798; x_wconf 89' lang='lat' dir='ltr'><strong>Mraczlin</strong></span> <span class='ocrx_word' id='word_1_232' title='bbox 2041 3758 2254 3799; x_wconf 88' lang='lat' dir='ltr'><strong>coram</strong></span> <span class='ocrx_word' id='word_1_233' title='bbox 2287 3741 2531 3800; x_wconf 86' lang='lat' dir='ltr'><strong>literato</strong></span> <span class='ocrx_word' id='word_1_234' title='bbox 2565 3741 2814 3802; x_wconf 88' lang='lat' dir='ltr'><strong>officiali</strong></span> <span class='ocrx_word' id='word_1_235' title='bbox 2845 3742 3076 3802; x_wconf 89' lang='lat' dir='ltr'><strong>domini</strong></span> <span class='ocrx_word' id='word_1_236' title='bbox 3109 3741 3354 3830; x_wconf 71' lang='lat' dir='ltr'><strong>Ioannis</strong></span> 
     </span>
     <span class='ocr_line' id='line_1_29' title="bbox 802 3843 3357 3928; baseline 0.002 -25"><span class='ocrx_word' id='word_1_237' title='bbox 802 3843 1078 3922; x_wconf 90' lang='lat' dir='ltr'><strong>episcopi</strong></span> <span class='ocrx_word' id='word_1_238' title='bbox 1125 3845 1571 3924; x_wconf 86' lang='lat' dir='ltr'><strong>Zagrabiensis</strong></span> <span class='ocrx_word' id='word_1_239' title='bbox 1634 3864 1928 3923; x_wconf 81' lang='lat' dir='ltr'><strong>supremo</strong></span> <span class='ocrx_word' id='word_1_240' title='bbox 1992 3846 2053 3905; x_wconf 90' lang='lat' dir='ltr'><strong>in</strong></span> <span class='ocrx_word' id='word_1_241' title='bbox 2115 3849 2418 3907; x_wconf 86' lang='lat' dir='ltr'><strong>Rakonok</strong></span> <span class='ocrx_word' id='word_1_242' title='bbox 2483 3850 2798 3928; x_wconf 84' lang='lat' dir='ltr'><strong>deputatO,</strong></span> <span class='ocrx_word' id='word_1_243' title='bbox 2846 3851 3070 3910; x_wconf 84' lang='lat' dir='ltr'><strong>comite</strong></span> <span class='ocrx_word' id='word_1_244' title='bbox 3131 3847 3357 3926; x_wconf 90' lang='lat' dir='ltr'><strong>Campi</strong></span> 
     </span>
     <span class='ocr_line' id='line_1_30' title="bbox 802 3935 3354 4033; baseline 0.002 -23"><span class='ocrx_word' id='word_1_245' title='bbox 802 3951 1248 4031; x_wconf 84' lang='lat' dir='ltr'><strong>Zagrabiensis</strong></span> <span class='ocrx_word' id='word_1_246' title='bbox 1296 3971 1372 4011; x_wconf 87' lang='lat' dir='ltr'><strong>ac</strong></span> <span class='ocrx_word' id='word_1_247' title='bbox 1418 3952 1761 4012; x_wconf 88' lang='lat' dir='ltr'><strong>Benedicto</strong></span> <span class='ocrx_word' id='word_1_248' title='bbox 1807 3952 1933 4012; x_wconf 89' lang='lat' dir='ltr'><strong>filio</strong></span> <span class='ocrx_word' id='word_1_249' title='bbox 1982 3954 2225 4014; x_wconf 83' lang='lat' dir='ltr'><strong>Nicolai</strong></span> <span class='ocrx_word' id='word_1_250' title='bbox 2273 3956 2350 4014; x_wconf 88' lang='lat' dir='ltr'><strong>de</strong></span> <span class='ocrx_word' id='word_1_251' title='bbox 2383 3956 2702 4033; x_wconf 87' lang='lat' dir='ltr'><strong>Superiori</strong></span> <span class='ocrx_word' id='word_1_252' title='bbox 2750 3935 3102 4032; x_wconf 82' lang='lat' dir='ltr'><strong>Lomnicza‚</strong></span> <span class='ocrx_word' id='word_1_253' title='bbox 3131 3957 3354 4016; x_wconf 88' lang='lat' dir='ltr'><strong>comite</strong></span> 
     </span>
     <span class='ocr_line' id='line_1_31' title="bbox 805 4045 2737 4150; baseline 0.004 -34"><span class='ocrx_word' id='word_1_254' title='bbox 805 4059 1100 4132; x_wconf 87' lang='lat' dir='ltr'><strong>terrestri,</strong></span> <span class='ocrx_word' id='word_1_255' title='bbox 1146 4059 1503 4138; x_wconf 86' lang='lat' dir='ltr'><strong>Zagrabiae</strong></span> <span class='ocrx_word' id='word_1_256' title='bbox 1552 4061 1612 4118; x_wconf 89' lang='lat' dir='ltr'><strong>in</strong></span> <span class='ocrx_word' id='word_1_257' title='bbox 1663 4045 1827 4120; x_wconf 81' lang='lat' dir='ltr'><strong>anno</strong></span> <span class='ocrx_word' id='word_1_258' title='bbox 1877 4049 2110 4121; x_wconf 80' lang='lat' dir='ltr'><strong>domini</strong></span> <span class='ocrx_word' id='word_1_259' title='bbox 2167 4057 2381 4122; x_wconf 85' lang='lat'><strong>1427.¹</strong></span> <span class='ocrx_word' id='word_1_260' title='bbox 2405 4074 2737 4150; x_wconf 79' lang='lat' dir='ltr'><strong>emanata.</strong></span> 
     </span>
    </p>
   </div>
   <div class='ocr_carea' id='block_1_11' title="bbox 799 4197 3356 4356">
    <p class='ocr_par' dir='ltr' id='par_1_11' title="bbox 799 4197 3356 4356">
     <span class='ocr_line' id='line_1_32' title="bbox 1016 4197 3356 4273; baseline 0.003 -22"><span class='ocrx_word' id='word_1_261' title='bbox 1016 4197 1343 4253; x_wconf 86' lang='lat' dir='ltr'><strong>Memoriale</strong></span> <span class='ocrx_word' id='word_1_262' title='bbox 1383 4199 1669 4254; x_wconf 82' lang='lat' dir='ltr'><strong>literarum</strong></span> <span class='ocrx_word' id='word_1_263' title='bbox 1710 4201 1962 4255; x_wconf 85' lang='lat' dir='ltr'><strong>familiae</strong></span> <span class='ocrx_word' id='word_1_264' title='bbox 2001 4202 2491 4271; x_wconf 84' lang='lat' dir='ltr'><strong>Pogledichianae.</strong></span> <span class='ocrx_word' id='word_1_265' title='bbox 2531 4205 2710 4273; x_wconf 86' lang='lat' dir='ltr'><strong>Apud.</strong></span> <span class='ocrx_word' id='word_1_266' title='bbox 2739 4205 2868 4258; x_wconf 89' lang='lat' dir='ltr'><strong>nob.</strong></span> <span class='ocrx_word' id='word_1_267' title='bbox 2911 4203 3210 4272; x_wconf 83' lang='lat' dir='ltr'><strong>Georgium</strong></span> <span class='ocrx_word' id='word_1_268' title='bbox 3249 4205 3356 4258; x_wconf 93' lang='lat' dir='ltr'><strong>Po-</strong></span> 
     </span>
     <span class='ocr_line' id='line_1_33' title="bbox 799 4287 1679 4356; baseline 0.002 -15"><span class='ocrx_word' id='word_1_269' title='bbox 799 4287 979 4356; x_wconf 77' lang='lat' dir='ltr'><strong>gledic</strong></span> <span class='ocrx_word' id='word_1_270' title='bbox 1014 4288 1070 4341; x_wconf 92' lang='lat' dir='ltr'><strong>in</strong></span> <span class='ocrx_word' id='word_1_271' title='bbox 1112 4287 1415 4344; x_wconf 83' lang='lat' dir='ltr'><strong>Kurilovec</strong></span> <span class='ocrx_word' id='word_1_272' title='bbox 1450 4289 1553 4346; x_wconf 78' lang='lat' dir='ltr'><strong>No,</strong></span> <span class='ocrx_word' id='word_1_273' title='bbox 1590 4291 1679 4344; x_wconf 79' lang='lat'><strong>52.</strong></span> 
     </span>
    </p>
   </div>
   <div class='ocr_carea' id='block_1_12' title="bbox 800 4407 1224 4415">
    <p class='ocr_par' dir='ltr' id='par_1_12' title="bbox 800 4407 1224 4415">
     <span class='ocr_line' id='line_1_34' title="bbox 800 4407 1224 4415; baseline 0 1177"><span class='ocrx_word' id='word_1_274' title='bbox 800 4407 1224 4415; x_wconf 95' lang='lat' dir='ltr'><strong> </strong></span> 
     </span>
    </p>
   </div>
   <div class='ocr_carea' id='block_1_13' title="bbox 1022 4467 2731 4540">
    <p class='ocr_par' dir='ltr' id='par_1_13' title="bbox 1022 4467 2731 4540">
     <span class='ocr_line' id='line_1_35' title="bbox 1022 4467 2731 4540; baseline 0.002 -20"><span class='ocrx_word' id='word_1_275' title='bbox 1022 4470 1031 4496; x_wconf 91' lang='lat'><strong>¹</strong></span> <span class='ocrx_word' id='word_1_276' title='bbox 1070 4467 1130 4520; x_wconf 91' lang='lat' dir='ltr'><strong>In</strong></span> <span class='ocrx_word' id='word_1_277' title='bbox 1173 4467 1322 4523; x_wconf 87' lang='lat' dir='ltr'><strong>dicto</strong></span> <span class='ocrx_word' id='word_1_278' title='bbox 1364 4469 1679 4524; x_wconf 85' lang='lat' dir='ltr'><strong>memoriali</strong></span> <span class='ocrx_word' id='word_1_279' title='bbox 1720 4486 1955 4524; x_wconf 89' lang='lat' dir='ltr'><strong>erronee</strong></span> <span class='ocrx_word' id='word_1_280' title='bbox 1996 4484 2178 4524; x_wconf 84' lang='lat' dir='ltr'><strong>annus</strong></span> <span class='ocrx_word' id='word_1_281' title='bbox 2218 4471 2372 4525; x_wconf 76' lang='lat'><strong>1400.</strong></span> <span class='ocrx_word' id='word_1_282' title='bbox 2415 4471 2731 4540; x_wconf 88' lang='lat' dir='ltr'><strong>inscriptus.</strong></span> 
     </span>
    </p>
   </div>
  </div>
 </body>
</html>
