<?xml version="1.0" encoding="UTF-8"?>
<!DOCTYPE html PUBLIC "-//W3C//DTD XHTML 1.0 Transitional//EN"
    "http://www.w3.org/TR/xhtml1/DTD/xhtml1-transitional.dtd">
<html xmlns="http://www.w3.org/1999/xhtml" xml:lang="en" lang="en">
 <head>
  <title>
</title>
<meta http-equiv="Content-Type" content="text/html;charset=utf-8" />
  <meta name='ocr-system' content='tesseract 3.04.00' />
  <meta name='ocr-capabilities' content='ocr_page ocr_carea ocr_par ocr_line ocrx_word'/>
</head>
<body>
  <div class='ocr_page' id='page_1' title='image "./povjesnispomeni01laszgoog_0092.png"; bbox 0 0 3917 5592; ppageno 0'>
   <div class='ocr_carea' id='block_1_1' title="bbox 831 425 918 492">
    <p class='ocr_par' dir='ltr' id='par_1_1' title="bbox 831 425 918 492">
     <span class='ocr_line' id='line_1_1' title="bbox 831 425 918 492; baseline 0 0"><span class='ocrx_word' id='word_1_1' title='bbox 831 425 918 492; x_wconf 78' lang='lat'><strong>42</strong></span> 
     </span>
    </p>
   </div>
   <div class='ocr_carea' id='block_1_2' title="bbox 825 649 3397 3098">
    <p class='ocr_par' dir='ltr' id='par_1_2' title="bbox 825 649 3397 3098">
     <span class='ocr_line' id='line_1_2' title="bbox 827 649 3393 734; baseline 0.004 -27"><span class='ocrx_word' id='word_1_2' title='bbox 827 649 978 708; x_wconf 84' lang='lat' dir='ltr'><strong>turis</strong></span> <span class='ocrx_word' id='word_1_3' title='bbox 1047 651 1314 712; x_wconf 87' lang='lat' dir='ltr'><strong>salutem</strong></span> <span class='ocrx_word' id='word_1_4' title='bbox 1359 652 1422 712; x_wconf 88' lang='lat' dir='ltr'><strong>in</strong></span> <span class='ocrx_word' id='word_1_5' title='bbox 1469 673 1564 726; x_wconf 86' lang='lat' dir='ltr'><strong>eo,</strong></span> <span class='ocrx_word' id='word_1_6' title='bbox 1631 653 1738 732; x_wconf 88' lang='lat' dir='ltr'><strong>qui</strong></span> <span class='ocrx_word' id='word_1_7' title='bbox 1785 665 1884 714; x_wconf 84' lang='lat' dir='ltr'><strong>est</strong></span> <span class='ocrx_word' id='word_1_8' title='bbox 1947 675 2101 715; x_wconf 75' lang='lat' dir='ltr'><strong>vera</strong></span> <span class='ocrx_word' id='word_1_9' title='bbox 2166 655 2355 728; x_wconf 77' lang='lat' dir='ltr'><strong>saluS,</strong></span> <span class='ocrx_word' id='word_1_10' title='bbox 2424 657 2585 715; x_wconf 86' lang='lat' dir='ltr'><strong>dans</strong></span> <span class='ocrx_word' id='word_1_11' title='bbox 2628 655 2905 734; x_wconf 84' lang='lat' dir='ltr'><strong>quietem</strong></span> <span class='ocrx_word' id='word_1_12' title='bbox 2970 655 3261 716; x_wconf 84' lang='lat' dir='ltr'><strong>omnibus</strong></span> <span class='ocrx_word' id='word_1_13' title='bbox 3324 663 3393 716; x_wconf 90' lang='lat' dir='ltr'><strong>et</strong></span> 
     </span>
     <span class='ocr_line' id='line_1_3' title="bbox 831 759 3393 844; baseline 0.003 -28"><span class='ocrx_word' id='word_1_14' title='bbox 831 759 1112 818; x_wconf 85' lang='lat' dir='ltr'><strong>salutem.</strong></span> <span class='ocrx_word' id='word_1_15' title='bbox 1161 759 1434 820; x_wconf 86' lang='lat' dir='ltr'><strong>Prouida</strong></span> <span class='ocrx_word' id='word_1_16' title='bbox 1479 761 1854 822; x_wconf 80' lang='lat' dir='ltr'>discretione</span> <span class='ocrx_word' id='word_1_17' title='bbox 1901 773 2219 841; x_wconf 88' lang='lat' dir='ltr'><strong>repertum</strong></span> <span class='ocrx_word' id='word_1_18' title='bbox 2250 775 2365 838; x_wconf 83' lang='lat' dir='ltr'><strong>est,</strong></span> <span class='ocrx_word' id='word_1_19' title='bbox 2412 777 2479 823; x_wconf 75' lang='lat' dir='ltr'><strong>vt</strong></span> <span class='ocrx_word' id='word_1_20' title='bbox 2524 785 2603 824; x_wconf 89' lang='lat' dir='ltr'><strong>ea</strong></span> <span class='ocrx_word' id='word_1_21' title='bbox 2648 785 2771 843; x_wconf 90' lang='lat' dir='ltr'><strong>que</strong></span> <span class='ocrx_word' id='word_1_22' title='bbox 2814 775 3089 844; x_wconf 84' lang='lat' dir='ltr'><strong>aguntur</strong></span> <span class='ocrx_word' id='word_1_23' title='bbox 3130 765 3195 824; x_wconf 91' lang='lat' dir='ltr'><strong>in</strong></span> <span class='ocrx_word' id='word_1_24' title='bbox 3238 775 3393 824; x_wconf 89' lang='lat' dir='ltr'><strong>tem·</strong></span> 
     </span>
     <span class='ocr_line' id='line_1_4' title="bbox 833 871 3393 950; baseline 0.002 -26"><span class='ocrx_word' id='word_1_25' title='bbox 833 885 1000 944; x_wconf 85' lang='lat' dir='ltr'><strong>pore,</strong></span> <span class='ocrx_word' id='word_1_26' title='bbox 1045 885 1126 926; x_wconf 89' lang='lat' dir='ltr'><strong>ne</strong></span> <span class='ocrx_word' id='word_1_27' title='bbox 1161 887 1348 927; x_wconf 90' lang='lat' dir='ltr'><strong>cursu</strong></span> <span class='ocrx_word' id='word_1_28' title='bbox 1379 879 1734 947; x_wconf 89' lang='lat' dir='ltr'><strong>temporum</strong></span> <span class='ocrx_word' id='word_1_29' title='bbox 1779 871 2109 930; x_wconf 83' lang='lat' dir='ltr'><strong>elabentur</strong></span> <span class='ocrx_word' id='word_1_30' title='bbox 2140 873 2275 932; x_wconf 90' lang='lat' dir='ltr'><strong>sine</strong></span> <span class='ocrx_word' id='word_1_31' title='bbox 2306 882 2607 950; x_wconf 82' lang='lat' dir='ltr'><strong>tempore,</strong></span> <span class='ocrx_word' id='word_1_32' title='bbox 2654 873 3001 932; x_wconf 86' lang='lat' dir='ltr'><strong>litterarum</strong></span> <span class='ocrx_word' id='word_1_33' title='bbox 3040 872 3393 933; x_wconf 87' lang='lat' dir='ltr'><strong>testimonio</strong></span> 
     </span>
     <span class='ocr_line' id='line_1_5' title="bbox 831 975 3393 1058; baseline 0.003 -27"><span class='ocrx_word' id='word_1_34' title='bbox 831 975 1031 1033; x_wconf 81' lang='lat' dir='ltr'><strong>solent</strong></span> <span class='ocrx_word' id='word_1_35' title='bbox 1099 975 1470 1034; x_wconf 82' lang='lat' dir='ltr'><strong>confirmari.</strong></span> <span class='ocrx_word' id='word_1_36' title='bbox 1563 977 1834 1036; x_wconf 85' lang='lat' dir='ltr'><strong>Proinde</strong></span> <span class='ocrx_word' id='word_1_37' title='bbox 1893 979 1977 1037; x_wconf 90' lang='lat' dir='ltr'><strong>ad</strong></span> <span class='ocrx_word' id='word_1_38' title='bbox 2038 979 2473 1039; x_wconf 76' lang='lat' dir='ltr'><strong>vniuersorum</strong></span> <span class='ocrx_word' id='word_1_39' title='bbox 2540 989 2671 1038; x_wconf 87' lang='lat' dir='ltr'><strong>tam</strong></span> <span class='ocrx_word' id='word_1_40' title='bbox 2750 980 3143 1058; x_wconf 86' lang='lat' dir='ltr'><strong>presencium</strong></span> <span class='ocrx_word' id='word_1_41' title='bbox 3206 997 3393 1057; x_wconf 88' lang='lat' dir='ltr'><strong>quam</strong></span> 
     </span>
     <span class='ocr_line' id='line_1_6' title="bbox 831 1081 3395 1165; baseline 0.002 -25"><span class='ocrx_word' id='word_1_42' title='bbox 831 1081 1176 1141; x_wconf 86' lang='lat' dir='ltr'><strong>futurorum</strong></span> <span class='ocrx_word' id='word_1_43' title='bbox 1237 1083 1532 1142; x_wconf 84' lang='lat' dir='ltr'><strong>noticiam</strong></span> <span class='ocrx_word' id='word_1_44' title='bbox 1601 1085 1824 1144; x_wconf 89' lang='lat' dir='ltr'><strong>harum</strong></span> <span class='ocrx_word' id='word_1_45' title='bbox 1885 1085 2047 1145; x_wconf 83' lang='lat' dir='ltr'><strong>serie</strong></span> <span class='ocrx_word' id='word_1_46' title='bbox 2118 1087 2407 1145; x_wconf 73' lang='lat' dir='ltr'><strong>volumus</strong></span> <span class='ocrx_word' id='word_1_47' title='bbox 2474 1087 2823 1164; x_wconf 88' lang='lat' dir='ltr'><strong>peruenire,</strong></span> <span class='ocrx_word' id='word_1_48' title='bbox 2892 1088 3061 1165; x_wconf 87' lang='lat' dir='ltr'><strong>quod</strong></span> <span class='ocrx_word' id='word_1_49' title='bbox 3124 1085 3395 1146; x_wconf 75' lang='lat' dir='ltr'><strong>vniuersi</strong></span> 
     </span>
     <span class='ocr_line' id='line_1_7' title="bbox 829 1190 3391 1271; baseline 0.001 -21"><span class='ocrx_word' id='word_1_50' title='bbox 829 1191 1196 1270; x_wconf 76' lang='lat' dir='ltr'><strong>iobagiones</strong></span> <span class='ocrx_word' id='word_1_51' title='bbox 1243 1190 1431 1250; x_wconf 81' lang='lat' dir='ltr'>castri</span> <span class='ocrx_word' id='word_1_52' title='bbox 1475 1191 1940 1271; x_wconf 86' lang='lat' dir='ltr'><strong>Zagrabiensis,</strong></span> <span class='ocrx_word' id='word_1_53' title='bbox 1988 1193 2279 1253; x_wconf 83' lang='lat' dir='ltr'><strong>videlicet</strong></span> <span class='ocrx_word' id='word_1_54' title='bbox 2323 1194 2589 1252; x_wconf 89' lang='lat' dir='ltr'><strong>Iacobus</strong></span> <span class='ocrx_word' id='word_1_55' title='bbox 2658 1194 2820 1253; x_wconf 89' lang='lat' dir='ltr'><strong>filius</strong></span> <span class='ocrx_word' id='word_1_56' title='bbox 2868 1195 3128 1254; x_wconf 80' lang='lat' dir='ltr'><strong>Wlkuta</strong></span> <span class='ocrx_word' id='word_1_57' title='bbox 3178 1213 3391 1254; x_wconf 89' lang='lat' dir='ltr'><strong>comes</strong></span> 
     </span>
     <span class='ocr_line' id='line_1_8' title="bbox 829 1299 3394 1378; baseline 0 -18"><span class='ocrx_word' id='word_1_58' title='bbox 829 1300 1160 1372; x_wconf 74' lang='lat' dir='ltr'><strong>terrestri3‚</strong></span> <span class='ocrx_word' id='word_1_59' title='bbox 1207 1299 1430 1358; x_wconf 86' lang='lat' dir='ltr'><strong>Petrus</strong></span> <span class='ocrx_word' id='word_1_60' title='bbox 1477 1300 1638 1358; x_wconf 85' lang='lat' dir='ltr'><strong>filius</strong></span> <span class='ocrx_word' id='word_1_61' title='bbox 1685 1300 2187 1378; x_wconf 51' lang='lat' dir='ltr'><strong>Neprechouich</strong></span> <span class='ocrx_word' id='word_1_62' title='bbox 2235 1303 2411 1361; x_wconf 87' lang='lat' dir='ltr'><strong>Rade</strong></span> <span class='ocrx_word' id='word_1_63' title='bbox 2457 1301 2621 1362; x_wconf 88' lang='lat' dir='ltr'><strong>filius</strong></span> <span class='ocrx_word' id='word_1_64' title='bbox 2664 1303 2943 1376; x_wconf 90' lang='lat' dir='ltr'><strong>Staulen,</strong></span> <span class='ocrx_word' id='word_1_65' title='bbox 2994 1303 3191 1378; x_wconf 80' lang='lat' dir='ltr'><strong>Phyle</strong></span> <span class='ocrx_word' id='word_1_66' title='bbox 3234 1301 3394 1361; x_wconf 89' lang='lat' dir='ltr'><strong>filius</strong></span> 
     </span>
     <span class='ocr_line' id='line_1_9' title="bbox 831 1405 3395 1487; baseline 0 -21"><span class='ocrx_word' id='word_1_67' title='bbox 831 1407 1058 1480; x_wconf 81' lang='lat' dir='ltr'><strong>Endre,</strong></span> <span class='ocrx_word' id='word_1_68' title='bbox 1099 1406 1360 1482; x_wconf 82' lang='lat' dir='ltr'><strong>Myluan</strong></span> <span class='ocrx_word' id='word_1_69' title='bbox 1409 1407 1570 1466; x_wconf 86' lang='lat' dir='ltr'><strong>filius</strong></span> <span class='ocrx_word' id='word_1_70' title='bbox 1617 1405 1854 1466; x_wconf 85' lang='lat' dir='ltr'><strong>Crikan</strong></span> <span class='ocrx_word' id='word_1_71' title='bbox 1887 1418 1951 1467; x_wconf 92' lang='lat' dir='ltr'><strong>et</strong></span> <span class='ocrx_word' id='word_1_72' title='bbox 1984 1409 2295 1468; x_wconf 87' lang='lat' dir='ltr'><strong>Iohannes</strong></span> <span class='ocrx_word' id='word_1_73' title='bbox 2344 1409 2505 1468; x_wconf 86' lang='lat' dir='ltr'><strong>filius</strong></span> <span class='ocrx_word' id='word_1_74' title='bbox 2550 1409 2855 1487; x_wconf 85' lang='lat' dir='ltr'>Stephani</span> <span class='ocrx_word' id='word_1_75' title='bbox 2900 1429 3045 1468; x_wconf 89' lang='lat' dir='ltr'><strong>cum</strong></span> <span class='ocrx_word' id='word_1_76' title='bbox 3090 1408 3395 1469; x_wconf 77' lang='lat' dir='ltr'><strong>vniuersis</strong></span> 
     </span>
     <span class='ocr_line' id='line_1_10' title="bbox 829 1513 3393 1594; baseline 0 -20"><span class='ocrx_word' id='word_1_77' title='bbox 829 1513 1268 1594; x_wconf 84' lang='lat' dir='ltr'><strong>iobagionibus</strong></span> <span class='ocrx_word' id='word_1_78' title='bbox 1317 1514 1506 1574; x_wconf 88' lang='lat' dir='ltr'><strong>castri</strong></span> <span class='ocrx_word' id='word_1_79' title='bbox 1552 1516 1878 1592; x_wconf 84' lang='lat' dir='ltr'><strong>pretaxati,</strong></span> <span class='ocrx_word' id='word_1_80' title='bbox 1927 1515 2011 1576; x_wconf 90' lang='lat' dir='ltr'><strong>ad</strong></span> <span class='ocrx_word' id='word_1_81' title='bbox 2056 1525 2335 1576; x_wconf 90' lang='lat' dir='ltr'><strong>nostram</strong></span> <span class='ocrx_word' id='word_1_82' title='bbox 2378 1516 2791 1594; x_wconf 84' lang='lat' dir='ltr'><strong>personaliter</strong></span> <span class='ocrx_word' id='word_1_83' title='bbox 2838 1517 3211 1576; x_wconf 87' lang='lat' dir='ltr'><strong>accedentes</strong></span> <span class='ocrx_word' id='word_1_84' title='bbox 3256 1535 3393 1594; x_wconf 90' lang='lat' dir='ltr'><strong>pre·</strong></span> 
     </span>
     <span class='ocr_line' id='line_1_11' title="bbox 829 1621 3397 1703; baseline 0 -22"><span class='ocrx_word' id='word_1_85' title='bbox 829 1621 1124 1696; x_wconf 65' lang='lat' dir='ltr'><strong>senciani,</strong></span> <span class='ocrx_word' id='word_1_86' title='bbox 1187 1621 1600 1681; x_wconf 83' lang='lat' dir='ltr'><strong>exhibuerunt</strong></span> <span class='ocrx_word' id='word_1_87' title='bbox 1663 1623 1846 1682; x_wconf 90' lang='lat' dir='ltr'><strong>nobis</strong></span> <span class='ocrx_word' id='word_1_88' title='bbox 1909 1623 2147 1683; x_wconf 82' lang='lat' dir='ltr'><strong>litteras</strong></span> <span class='ocrx_word' id='word_1_89' title='bbox 2194 1624 2617 1703; x_wconf 84' lang='lat' dir='ltr'><strong>priuilegiaies</strong></span> <span class='ocrx_word' id='word_1_90' title='bbox 2677 1623 2957 1682; x_wconf 86' lang='lat' dir='ltr'><strong>Ladizlai</strong></span> <span class='ocrx_word' id='word_1_91' title='bbox 3016 1623 3119 1684; x_wconf 91' lang='lat' dir='ltr'><strong>dei</strong></span> <span class='ocrx_word' id='word_1_92' title='bbox 3180 1623 3397 1703; x_wconf 85' lang='lat' dir='ltr'><strong>gracia</strong></span> 
     </span>
     <span class='ocr_line' id='line_1_12' title="bbox 829 1729 3393 1809; baseline 0 -21"><span class='ocrx_word' id='word_1_93' title='bbox 829 1730 1144 1808; x_wconf 84' lang='lat' dir='ltr'><strong>quondam</strong></span> <span class='ocrx_word' id='word_1_94' title='bbox 1203 1729 1372 1808; x_wconf 81' lang='lat' dir='ltr'><strong>regis</strong></span> <span class='ocrx_word' id='word_1_95' title='bbox 1441 1730 1786 1808; x_wconf 83' lang='lat' dir='ltr'><strong>Hungarie,</strong></span> <span class='ocrx_word' id='word_1_96' title='bbox 1855 1729 2057 1790; x_wconf 82' lang='lat' dir='ltr'><strong>felicis</strong></span> <span class='ocrx_word' id='word_1_97' title='bbox 2126 1731 2591 1790; x_wconf 85' lang='lat' dir='ltr'><strong>recordacionis</strong></span> <span class='ocrx_word' id='word_1_98' title='bbox 2652 1739 2717 1790; x_wconf 92' lang='lat' dir='ltr'><strong>et</strong></span> <span class='ocrx_word' id='word_1_99' title='bbox 2775 1731 3019 1790; x_wconf 75' lang='lat' dir='ltr'><strong>Nicolai</strong></span> <span class='ocrx_word' id='word_1_100' title='bbox 3078 1731 3393 1809; x_wconf 87' lang='lat' dir='ltr'><strong>quondam</strong></span> 
     </span>
     <span class='ocr_line' id='line_1_13' title="bbox 827 1835 3391 1916; baseline -0.001 -19"><span class='ocrx_word' id='word_1_101' title='bbox 827 1837 974 1897; x_wconf 91' lang='lat' dir='ltr'><strong>bani</strong></span> <span class='ocrx_word' id='word_1_102' title='bbox 1021 1836 1220 1896; x_wconf 89' lang='lat' dir='ltr'><strong>tocius</strong></span> <span class='ocrx_word' id='word_1_103' title='bbox 1267 1835 1616 1909; x_wconf 89' lang='lat' dir='ltr'><strong>Sclauonie,</strong></span> <span class='ocrx_word' id='word_1_104' title='bbox 1663 1845 1948 1913; x_wconf 88' lang='lat' dir='ltr'><strong>petentes</strong></span> <span class='ocrx_word' id='word_1_105' title='bbox 1994 1857 2111 1896; x_wconf 90' lang='lat' dir='ltr'><strong>nos</strong></span> <span class='ocrx_word' id='word_1_106' title='bbox 2158 1857 2417 1916; x_wconf 88' lang='lat' dir='ltr'><strong>precum</strong></span> <span class='ocrx_word' id='word_1_107' title='bbox 2464 1857 2605 1896; x_wconf 90' lang='lat' dir='ltr'><strong>cum</strong></span> <span class='ocrx_word' id='word_1_108' title='bbox 2652 1837 2977 1910; x_wconf 85' lang='lat' dir='ltr'><strong>instancia,</strong></span> <span class='ocrx_word' id='word_1_109' title='bbox 3044 1845 3109 1894; x_wconf 79' lang='lat' dir='ltr'><strong>vt</strong></span> <span class='ocrx_word' id='word_1_110' title='bbox 3156 1836 3391 1896; x_wconf 87' lang='lat' dir='ltr'><strong>litteras</strong></span> 
     </span>
     <span class='ocr_line' id='line_1_14' title="bbox 827 1942 3393 2024; baseline -0.002 -20"><span class='ocrx_word' id='word_1_111' title='bbox 827 1945 1104 2023; x_wconf 86' lang='lat' dir='ltr'><strong>ipsorum</strong></span> <span class='ocrx_word' id='word_1_112' title='bbox 1150 1942 1571 2024; x_wconf 83' lang='lat' dir='ltr'><strong>priuilegiales</strong></span> <span class='ocrx_word' id='word_1_113' title='bbox 1617 1944 1696 2002; x_wconf 90' lang='lat' dir='ltr'><strong>de</strong></span> <span class='ocrx_word' id='word_1_114' title='bbox 1745 1944 1938 2003; x_wconf 82' lang='lat' dir='ltr'><strong>verbo</strong></span> <span class='ocrx_word' id='word_1_115' title='bbox 1988 1945 2071 2003; x_wconf 90' lang='lat' dir='ltr'><strong>ad</strong></span> <span class='ocrx_word' id='word_1_116' title='bbox 2116 1944 2379 2004; x_wconf 89' lang='lat' dir='ltr'><strong>verbum</strong></span> <span class='ocrx_word' id='word_1_117' title='bbox 2440 1944 2629 2003; x_wconf 92' lang='lat' dir='ltr'><strong>inseri</strong></span> <span class='ocrx_word' id='word_1_118' title='bbox 2676 1943 3028 2004; x_wconf 84' lang='lat' dir='ltr'><strong>faceremus</strong></span> <span class='ocrx_word' id='word_1_119' title='bbox 3074 1953 3137 2002; x_wconf 91' lang='lat' dir='ltr'><strong>et</strong></span> <span class='ocrx_word' id='word_1_120' title='bbox 3182 1953 3393 2003; x_wconf 91' lang='lat' dir='ltr'><strong>nostro</strong></span> 
     </span>
     <span class='ocr_line' id='line_1_15' title="bbox 827 2051 3393 2132; baseline -0.001 -20"><span class='ocrx_word' id='word_1_121' title='bbox 827 2053 1234 2132; x_wconf 73' lang='lat' dir='ltr'><strong>dignaremur</strong></span> <span class='ocrx_word' id='word_1_122' title='bbox 1277 2052 1607 2132; x_wconf 86' lang='lat' dir='ltr'><strong>priuilegio</strong></span> <span class='ocrx_word' id='word_1_123' title='bbox 1655 2053 2045 2113; x_wconf 88' lang='lat' dir='ltr'><strong>confirmare.</strong></span> <span class='ocrx_word' id='word_1_124' title='bbox 2094 2051 2293 2112; x_wconf 89' lang='lat' dir='ltr'><strong>Cuius</strong></span> <span class='ocrx_word' id='word_1_125' title='bbox 2340 2063 2521 2114; x_wconf 80' lang='lat' dir='ltr'><strong>tenor</strong></span> <span class='ocrx_word' id='word_1_126' title='bbox 2566 2054 2708 2112; x_wconf 88' lang='lat' dir='ltr'><strong>talis</strong></span> <span class='ocrx_word' id='word_1_127' title='bbox 2756 2061 2889 2112; x_wconf 89' lang='lat' dir='ltr'><strong>est:</strong></span> <span class='ocrx_word' id='word_1_128' title='bbox 2952 2053 3179 2128; x_wconf 62' lang='lat' dir='ltr'><strong>(Vide</strong></span> <span class='ocrx_word' id='word_1_129' title='bbox 3226 2053 3321 2111; x_wconf 94' lang='lat' dir='ltr'><strong>do</strong></span> <span class='ocrx_word' id='word_1_130' title='bbox 3341 2070 3393 2117; x_wconf 78' lang='lat' dir='ltr'><strong>c,</strong></span> 
     </span>
     <span class='ocr_line' id='line_1_16' title="bbox 827 2135 3393 2239; baseline -0.001 -19"><span class='ocrx_word' id='word_1_131' title='bbox 827 2179 882 2220; x_wconf 89' lang='lat' dir='ltr'><strong>a.</strong></span> <span class='ocrx_word' id='word_1_132' title='bbox 939 2157 1124 2220; x_wconf 89' lang='grc'><strong>1279.</strong></span> <span class='ocrx_word' id='word_1_133' title='bbox 1173 2161 1316 2219; x_wconf 89' lang='lat' dir='ltr'><strong>sub</strong></span> <span class='ocrx_word' id='word_1_134' title='bbox 1363 2160 1480 2220; x_wconf 75' lang='lat' dir='ltr'><strong>No,</strong></span> <span class='ocrx_word' id='word_1_135' title='bbox 1529 2156 1674 2236; x_wconf 89' lang='grc'>32.).</span> <span class='ocrx_word' id='word_1_136' title='bbox 1767 2160 1902 2219; x_wconf 80' lang='lat' dir='ltr'><strong>Nos</strong></span> <span class='ocrx_word' id='word_1_137' title='bbox 1949 2161 2161 2239; x_wconf 90' lang='lat' dir='ltr'><strong>itaque</strong></span> <span class='ocrx_word' id='word_1_138' title='bbox 2230 2161 2521 2238; x_wconf 88' lang='lat' dir='ltr'><strong>precibus</strong></span> <span class='ocrx_word' id='word_1_139' title='bbox 2568 2169 2633 2220; x_wconf 90' lang='lat' dir='ltr'><strong>et</strong></span> <span class='ocrx_word' id='word_1_140' title='bbox 2676 2159 3091 2238; x_wconf 88' lang='lat' dir='ltr'><strong>peticionibus</strong></span> <span class='ocrx_word' id='word_1_141' title='bbox 3146 2135 3393 2238; x_wconf 34' lang='lat' dir='ltr'><strong>‘predic-</strong></span> 
     </span>
     <span class='ocr_line' id='line_1_17' title="bbox 825 2267 3393 2348; baseline -0.001 -21"><span class='ocrx_word' id='word_1_142' title='bbox 825 2276 1028 2328; x_wconf 88' lang='lat' dir='ltr'><strong>torum</strong></span> <span class='ocrx_word' id='word_1_143' title='bbox 1063 2268 1466 2348; x_wconf 82' lang='lat' dir='ltr'><strong>iobagionum</strong></span> <span class='ocrx_word' id='word_1_144' title='bbox 1499 2269 1687 2328; x_wconf 87' lang='lat' dir='ltr'><strong>castri</strong></span> <span class='ocrx_word' id='word_1_145' title='bbox 1739 2288 1926 2328; x_wconf 90' lang='lat' dir='ltr'><strong>aures</strong></span> <span class='ocrx_word' id='word_1_146' title='bbox 1959 2277 2169 2328; x_wconf 88' lang='lat' dir='ltr'><strong>nostre</strong></span> <span class='ocrx_word' id='word_1_147' title='bbox 2222 2269 2672 2348; x_wconf 85' lang='lat' dir='ltr'><strong>magnitudinis</strong></span> <span class='ocrx_word' id='word_1_148' title='bbox 2706 2269 3125 2342; x_wconf 81' lang='lat' dir='ltr'><strong>aduertenteS,</strong></span> <span class='ocrx_word' id='word_1_149' title='bbox 3158 2267 3393 2327; x_wconf 84' lang='lat' dir='ltr'><strong>litteras</strong></span> 
     </span>
     <span class='ocr_line' id='line_1_18' title="bbox 827 2374 3395 2453; baseline -0.001 -17"><span class='ocrx_word' id='word_1_150' title='bbox 827 2376 1172 2436; x_wconf 80' lang='lat' dir='ltr'><strong>eorundem</strong></span> <span class='ocrx_word' id='word_1_151' title='bbox 1239 2393 1364 2434; x_wconf 91' lang='lat' dir='ltr'><strong>non</strong></span> <span class='ocrx_word' id='word_1_152' title='bbox 1414 2374 1678 2450; x_wconf 91' lang='lat' dir='ltr'><strong>abcisas,</strong></span> <span class='ocrx_word' id='word_1_153' title='bbox 1749 2395 1876 2435; x_wconf 92' lang='lat' dir='ltr'><strong>non</strong></span> <span class='ocrx_word' id='word_1_154' title='bbox 1923 2376 2203 2448; x_wconf 81' lang='lat' dir='ltr'><strong>abrasaS,</strong></span> <span class='ocrx_word' id='word_1_155' title='bbox 2274 2395 2400 2435; x_wconf 91' lang='lat' dir='ltr'><strong>non</strong></span> <span class='ocrx_word' id='word_1_156' title='bbox 2447 2376 2843 2450; x_wconf 88' lang='lat' dir='ltr'><strong>cancellatas,</strong></span> <span class='ocrx_word' id='word_1_157' title='bbox 2916 2395 3033 2435; x_wconf 91' lang='lat' dir='ltr'><strong>nec</strong></span> <span class='ocrx_word' id='word_1_158' title='bbox 3078 2375 3141 2435; x_wconf 91' lang='lat' dir='ltr'><strong>in</strong></span> <span class='ocrx_word' id='word_1_159' title='bbox 3189 2374 3395 2453; x_wconf 84' lang='lat' dir='ltr'><strong>aliqua</strong></span> 
     </span>
     <span class='ocr_line' id='line_1_19' title="bbox 825 2481 3393 2562; baseline -0.001 -19"><span class='ocrx_word' id='word_1_160' title='bbox 825 2491 1004 2562; x_wconf 90' lang='lat' dir='ltr'><strong>parte</strong></span> <span class='ocrx_word' id='word_1_161' title='bbox 1053 2482 1146 2542; x_wconf 90' lang='lat' dir='ltr'><strong>sui</strong></span> <span class='ocrx_word' id='word_1_162' title='bbox 1181 2482 1458 2560; x_wconf 88' lang='lat' dir='ltr'><strong>corporis</strong></span> <span class='ocrx_word' id='word_1_163' title='bbox 1491 2481 1770 2558; x_wconf 79' lang='lat' dir='ltr'><strong>viciataS,</strong></span> <span class='ocrx_word' id='word_1_164' title='bbox 1819 2484 1896 2542; x_wconf 92' lang='lat' dir='ltr'><strong>de</strong></span> <span class='ocrx_word' id='word_1_165' title='bbox 1929 2483 2125 2543; x_wconf 83' lang='lat' dir='ltr'><strong>verbo</strong></span> <span class='ocrx_word' id='word_1_166' title='bbox 2159 2484 2239 2542; x_wconf 91' lang='lat' dir='ltr'><strong>ad</strong></span> <span class='ocrx_word' id='word_1_167' title='bbox 2271 2483 2533 2542; x_wconf 87' lang='lat' dir='ltr'><strong>verbum</strong></span> <span class='ocrx_word' id='word_1_168' title='bbox 2582 2483 2848 2542; x_wconf 88' lang='lat' dir='ltr'><strong>insertas</strong></span> <span class='ocrx_word' id='word_1_169' title='bbox 2878 2483 3106 2542; x_wconf 91' lang='lat' dir='ltr'><strong>nostris</strong></span> <span class='ocrx_word' id='word_1_170' title='bbox 3156 2483 3393 2542; x_wconf 90' lang='lat' dir='ltr'><strong>litteras</strong></span> 
     </span>
     <span class='ocr_line' id='line_1_20' title="bbox 827 2575 3391 2670; baseline -0.001 -20"><span class='ocrx_word' id='word_1_171' title='bbox 827 2575 1336 2669; x_wconf 78' lang='lat' dir='ltr'><strong>priuilegialibuS,</strong></span> <span class='ocrx_word' id='word_1_172' title='bbox 1409 2589 1646 2650; x_wconf 88' lang='lat' dir='ltr'><strong>eisdem</strong></span> <span class='ocrx_word' id='word_1_173' title='bbox 1696 2590 1987 2650; x_wconf 85' lang='lat' dir='ltr'><strong>duximus</strong></span> <span class='ocrx_word' id='word_1_174' title='bbox 2044 2591 2521 2650; x_wconf 64' lang='lat' dir='ltr'><strong>confirmandas</strong></span> <span class='ocrx_word' id='word_1_175' title='bbox 2582 2592 2665 2649; x_wconf 80' lang='lat' dir='ltr'><strong>Vt</strong></span> <span class='ocrx_word' id='word_1_176' title='bbox 2710 2591 2899 2670; x_wconf 86' lang='lat' dir='ltr'><strong>igitur</strong></span> <span class='ocrx_word' id='word_1_177' title='bbox 2954 2591 3137 2650; x_wconf 89' lang='lat' dir='ltr'><strong>huius</strong></span> <span class='ocrx_word' id='word_1_178' title='bbox 3184 2599 3391 2649; x_wconf 90' lang='lat' dir='ltr'><strong>nostre</strong></span> 
     </span>
     <span class='ocr_line' id='line_1_21' title="bbox 829 2697 3387 2777; baseline 0 -19"><span class='ocrx_word' id='word_1_179' title='bbox 829 2697 1328 2758; x_wconf 86' lang='lat' dir='ltr'><strong>confirmacionis</strong></span> <span class='ocrx_word' id='word_1_180' title='bbox 1375 2697 1572 2756; x_wconf 88' lang='lat' dir='ltr'><strong>series</strong></span> <span class='ocrx_word' id='word_1_181' title='bbox 1605 2697 1794 2757; x_wconf 88' lang='lat' dir='ltr'><strong>robur</strong></span> <span class='ocrx_word' id='word_1_182' title='bbox 1839 2698 2120 2776; x_wconf 88' lang='lat' dir='ltr'><strong>optineat</strong></span> <span class='ocrx_word' id='word_1_183' title='bbox 2150 2707 2449 2776; x_wconf 88' lang='lat' dir='ltr'><strong>perpetue</strong></span> <span class='ocrx_word' id='word_1_184' title='bbox 2496 2698 2823 2772; x_wconf 79' lang='lat' dir='ltr'><strong>firmitatiS,</strong></span> <span class='ocrx_word' id='word_1_185' title='bbox 2870 2705 3195 2777; x_wconf 86' lang='lat' dir='ltr'><strong>presentes</strong></span> <span class='ocrx_word' id='word_1_186' title='bbox 3243 2715 3387 2758; x_wconf 86' lang='lat' dir='ltr'><strong>con-</strong></span> 
     </span>
     <span class='ocr_line' id='line_1_22' title="bbox 829 2803 3388 2884; baseline -0.002 -18"><span class='ocrx_word' id='word_1_187' title='bbox 829 2807 1133 2867; x_wconf 77' lang='lat' dir='ltr'><strong>cessimus</strong></span> <span class='ocrx_word' id='word_1_188' title='bbox 1179 2805 1417 2865; x_wconf 88' lang='lat' dir='ltr'><strong>litteras</strong></span> <span class='ocrx_word' id='word_1_189' title='bbox 1483 2805 1905 2884; x_wconf 78' lang='lat' dir='ltr'><strong>priuilegiales</strong></span> <span class='ocrx_word' id='word_1_190' title='bbox 1976 2805 2305 2883; x_wconf 86' lang='lat' dir='ltr'><strong>pendentis</strong></span> <span class='ocrx_word' id='word_1_191' title='bbox 2352 2805 2547 2864; x_wconf 89' lang='lat' dir='ltr'><strong>nostri</strong></span> <span class='ocrx_word' id='word_1_192' title='bbox 2618 2805 2803 2884; x_wconf 77' lang='lat' dir='ltr'><strong>sig-illi</strong></span> <span class='ocrx_word' id='word_1_193' title='bbox 2850 2805 3146 2864; x_wconf 86' lang='lat' dir='ltr'><strong>autentici</strong></span> <span class='ocrx_word' id='word_1_194' title='bbox 3190 2803 3388 2863; x_wconf 90' lang='lat' dir='ltr'><strong>muni-</strong></span> 
     </span>
     <span class='ocr_line' id='line_1_23' title="bbox 828 2911 3383 2993; baseline -0.002 -18"><span class='ocrx_word' id='word_1_195' title='bbox 828 2914 992 2976; x_wconf 88' lang='lat' dir='ltr'><strong>mine</strong></span> <span class='ocrx_word' id='word_1_196' title='bbox 1043 2914 1382 2974; x_wconf 80' lang='lat' dir='ltr'><strong>roborataS.</strong></span> <span class='ocrx_word' id='word_1_197' title='bbox 1433 2913 1662 2972; x_wconf 91' lang='lat' dir='ltr'><strong>Datum</strong></span> <span class='ocrx_word' id='word_1_198' title='bbox 1709 2913 2040 2993; x_wconf 75' lang='lat' dir='ltr'><strong>lag-rabie,</strong></span> <span class='ocrx_word' id='word_1_199' title='bbox 2070 2914 2133 2972; x_wconf 88' lang='lat' dir='ltr'><strong>in</strong></span> <span class='ocrx_word' id='word_1_200' title='bbox 2165 2912 2435 2973; x_wconf 87' lang='lat' dir='ltr'><strong>crastino</strong></span> <span class='ocrx_word' id='word_1_201' title='bbox 2484 2912 2909 2972; x_wconf 88' lang='lat' dir='ltr'><strong>conuersionis</strong></span> <span class='ocrx_word' id='word_1_202' title='bbox 2942 2911 3141 2972; x_wconf 89' lang='lat' dir='ltr'><strong>saneti</strong></span> <span class='ocrx_word' id='word_1_203' title='bbox 3186 2911 3383 2984; x_wconf 89' lang='lat' dir='ltr'><strong>Pauli,</strong></span> 
     </span>
     <span class='ocr_line' id='line_1_24' title="bbox 829 3014 2949 3098; baseline -0 -17"><span class='ocrx_word' id='word_1_204' title='bbox 829 3041 992 3082; x_wconf 85' lang='lat' dir='ltr'><strong>anno</strong></span> <span class='ocrx_word' id='word_1_205' title='bbox 1040 3020 1347 3081; x_wconf 90' lang='lat' dir='ltr'><strong>dominice</strong></span> <span class='ocrx_word' id='word_1_206' title='bbox 1395 3019 1848 3079; x_wconf 87' lang='lat' dir='ltr'><strong>incarnacionis</strong></span> <span class='ocrx_word' id='word_1_207' title='bbox 1897 3020 2223 3080; x_wconf 88' lang='lat' dir='ltr'><strong>millesimo</strong></span> <span class='ocrx_word' id='word_1_208' title='bbox 2272 3014 2661 3080; x_wconf 86' lang='lat' dir='ltr'>CCC⁰.XX⁰.</span> <span class='ocrx_word' id='word_1_209' title='bbox 2708 3029 2949 3098; x_wconf 75' lang='lat' dir='ltr'><strong>quarto·</strong></span> 
     </span>
    </p>
   </div>
   <div class='ocr_carea' id='block_1_3' title="bbox 827 3156 3389 3336">
    <p class='ocr_par' dir='ltr' id='par_1_3' title="bbox 827 3156 3389 3336">
     <span class='ocr_line' id='line_1_25' title="bbox 1039 3156 3389 3228; baseline -0.002 -14"><span class='ocrx_word' id='word_1_210' title='bbox 1039 3161 1080 3214; x_wconf 83' lang='lat' dir='ltr'>E</span> <span class='ocrx_word' id='word_1_211' title='bbox 1117 3163 1471 3228; x_wconf 74' lang='lat' dir='ltr'><strong>transumpto</strong></span> <span class='ocrx_word' id='word_1_212' title='bbox 1511 3159 1769 3226; x_wconf 80' lang='lat' dir='ltr'><strong>originali</strong></span> <span class='ocrx_word' id='word_1_213' title='bbox 1827 3159 1960 3212; x_wconf 88' lang='lat' dir='ltr'><strong>bani</strong></span> <span class='ocrx_word' id='word_1_214' title='bbox 2014 3159 2201 3214; x_wconf 79' lang='lat' dir='ltr'><strong>Mikch</strong></span> <span class='ocrx_word' id='word_1_215' title='bbox 2238 3175 2289 3212; x_wconf 83' lang='lat' dir='ltr'><strong>a.</strong></span> <span class='ocrx_word' id='word_1_216' title='bbox 2330 3157 2489 3212; x_wconf 82' lang='lat'><strong>1326.</strong></span> <span class='ocrx_word' id='word_1_217' title='bbox 2538 3157 2588 3213; x_wconf 74' lang='lat'><strong>4.</strong></span> <span class='ocrx_word' id='word_1_218' title='bbox 2627 3157 2766 3212; x_wconf 87' lang='lat' dir='ltr'><strong>iulii.</strong></span> <span class='ocrx_word' id='word_1_219' title='bbox 2842 3159 2903 3212; x_wconf 87' lang='lat' dir='ltr'><strong>ln</strong></span> <span class='ocrx_word' id='word_1_220' title='bbox 2942 3157 3175 3212; x_wconf 83' lang='lat' dir='ltr'><strong>archivo</strong></span> <span class='ocrx_word' id='word_1_221' title='bbox 3216 3156 3389 3212; x_wconf 89' lang='lat' dir='ltr'><strong>nobil.</strong></span> 
     </span>
     <span class='ocr_line' id='line_1_26' title="bbox 827 3247 1626 3336; baseline -0.004 -32"><span class='ocrx_word' id='word_1_222' title='bbox 827 3267 1110 3304; x_wconf 80' lang='lat' dir='ltr'><strong>commun.</strong></span> <span class='ocrx_word' id='word_1_223' title='bbox 1147 3247 1468 3317; x_wconf 82' lang='lat' dir='ltr'><strong>Turopolje.</strong></span> <span class='ocrx_word' id='word_1_224' title='bbox 1563 3329 1569 3334; x_wconf 26' lang='grc' dir='ltr'>Ι</span> <span class='ocrx_word' id='word_1_225' title='bbox 1617 3327 1626 3336; x_wconf 39' lang='lat'><strong>·</strong></span> 
     </span>
    </p>
   </div>
   <div class='ocr_carea' id='block_1_4' title="bbox 827 3514 3394 4002">
    <p class='ocr_par' dir='ltr' id='par_1_4' title="bbox 827 3514 3394 4002">
     <span class='ocr_line' id='line_1_27' title="bbox 2038 3514 2185 3587; baseline 0.007 -1"><span class='ocrx_word' id='word_1_226' title='bbox 2038 3514 2185 3587; x_wconf 74' lang='lat'><strong>30.</strong></span> 
     </span>
     <span class='ocr_line' id='line_1_28' title="bbox 1039 3715 2185 3798; baseline -0.003 -14"><span class='ocrx_word' id='word_1_227' title='bbox 1039 3723 1228 3784; x_wconf 86' lang='lat' dir='ltr'><strong>Anno</strong></span> <span class='ocrx_word' id='word_1_228' title='bbox 1283 3715 1468 3783; x_wconf 85' lang='lat'><strong>1326.</strong></span> <span class='ocrx_word' id='word_1_229' title='bbox 1517 3718 1576 3782; x_wconf 81' lang='lat'><strong>4.</strong></span> <span class='ocrx_word' id='word_1_230' title='bbox 1617 3719 1772 3798; x_wconf 86' lang='lat' dir='ltr'><strong>julii.</strong></span> <span class='ocrx_word' id='word_1_231' title='bbox 1821 3717 2185 3796; x_wconf 88' lang='lat' dir='ltr'><strong>Thoplicae.</strong></span> 
     </span>
     <span class='ocr_line' id='line_1_29' title="bbox 827 3911 3394 4002; baseline -0.003 -20"><span class='ocrx_word' id='word_1_232' title='bbox 827 3914 1072 4002; x_wconf 79' lang='lat' dir='ltr'><strong>Mykch</strong></span> <span class='ocrx_word' id='word_1_233' title='bbox 1104 3916 1327 3982; x_wconf 79' lang='lat' dir='ltr'><strong>banus</strong></span> <span class='ocrx_word' id='word_1_234' title='bbox 1353 3917 1570 3981; x_wconf 78' lang='lat' dir='ltr'><strong>totius</strong></span> <span class='ocrx_word' id='word_1_235' title='bbox 1595 3915 2030 3990; x_wconf 83' lang='lat' dir='ltr'><strong>Sclauoniae,</strong></span> <span class='ocrx_word' id='word_1_236' title='bbox 2056 3912 2469 3998; x_wconf 79' lang='lat' dir='ltr'><strong>praecedens</strong></span> <span class='ocrx_word' id='word_1_237' title='bbox 2490 3913 2987 3979; x_wconf 78' lang='lat' dir='ltr'><strong>documentum</strong></span> <span class='ocrx_word' id='word_1_238' title='bbox 3005 3911 3394 3996; x_wconf 80' lang='lat' dir='ltr'><strong>confirmat.</strong></span> 
     </span>
    </p>
   </div>
   <div class='ocr_carea' id='block_1_5' title="bbox 819 4107 3395 5058">
    <p class='ocr_par' dir='ltr' id='par_1_5' title="bbox 819 4107 3395 5058">
     <span class='ocr_line' id='line_1_30' title="bbox 1037 4107 3393 4195; baseline -0.004 -17"><span class='ocrx_word' id='word_1_239' title='bbox 1037 4117 1272 4195; x_wconf 90' lang='lat' dir='ltr'><strong>Mykch</strong></span> <span class='ocrx_word' id='word_1_240' title='bbox 1319 4117 1521 4178; x_wconf 90' lang='lat' dir='ltr'><strong>banus</strong></span> <span class='ocrx_word' id='word_1_241' title='bbox 1568 4117 1768 4177; x_wconf 90' lang='lat' dir='ltr'><strong>tocius</strong></span> <span class='ocrx_word' id='word_1_242' title='bbox 1814 4116 2165 4190; x_wconf 88' lang='lat' dir='ltr'><strong>Sclauonie,</strong></span> <span class='ocrx_word' id='word_1_243' title='bbox 2214 4135 2425 4176; x_wconf 87' lang='lat' dir='ltr'><strong>comes</strong></span> <span class='ocrx_word' id='word_1_244' title='bbox 2472 4110 2903 4191; x_wconf 81' lang='lat' dir='ltr'><strong>SymigiensiS,</strong></span> <span class='ocrx_word' id='word_1_245' title='bbox 2951 4107 3393 4189; x_wconf 89' lang='lat' dir='ltr'><strong>Suproniensis</strong></span> 
     </span>
     <span class='ocr_line' id='line_1_31' title="bbox 825 4214 3393 4302; baseline -0.004 -17"><span class='ocrx_word' id='word_1_246' title='bbox 825 4232 888 4285; x_wconf 87' lang='lat' dir='ltr'><strong>et</strong></span> <span class='ocrx_word' id='word_1_247' title='bbox 934 4225 1011 4284; x_wconf 88' lang='lat' dir='ltr'><strong>de</strong></span> <span class='ocrx_word' id='word_1_248' title='bbox 1058 4225 1272 4300; x_wconf 82' lang='lat' dir='ltr'><strong>Sarus,</strong></span> <span class='ocrx_word' id='word_1_249' title='bbox 1335 4224 1622 4284; x_wconf 89' lang='lat' dir='ltr'><strong>omnibus</strong></span> <span class='ocrx_word' id='word_1_250' title='bbox 1670 4223 1906 4284; x_wconf 87' lang='lat' dir='ltr'><strong>Christi</strong></span> <span class='ocrx_word' id='word_1_251' title='bbox 1970 4223 2256 4285; x_wconf 89' lang='lat' dir='ltr'><strong>fidelibus</strong></span> <span class='ocrx_word' id='word_1_252' title='bbox 2304 4221 2699 4302; x_wconf 86' lang='lat' dir='ltr'><strong>presentibus</strong></span> <span class='ocrx_word' id='word_1_253' title='bbox 2766 4218 2999 4298; x_wconf 80' lang='lat' dir='ltr'><strong>pariter</strong></span> <span class='ocrx_word' id='word_1_254' title='bbox 3045 4227 3107 4277; x_wconf 84' lang='lat' dir='ltr'><strong>et</strong></span> <span class='ocrx_word' id='word_1_255' title='bbox 3150 4214 3393 4286; x_wconf 81' lang='lat' dir='ltr'><strong>futuriS,</strong></span> 
     </span>
     <span class='ocr_line' id='line_1_32' title="bbox 823 4322 3395 4412; baseline -0.003 -21"><span class='ocrx_word' id='word_1_256' title='bbox 823 4340 1148 4412; x_wconf 84' lang='lat' dir='ltr'><strong>presentes</strong></span> <span class='ocrx_word' id='word_1_257' title='bbox 1217 4331 1454 4392; x_wconf 88' lang='lat' dir='ltr'><strong>litteras</strong></span> <span class='ocrx_word' id='word_1_258' title='bbox 1524 4331 1913 4410; x_wconf 80' lang='lat' dir='ltr'><strong>inspecturiS‚</strong></span> <span class='ocrx_word' id='word_1_259' title='bbox 1987 4333 2251 4391; x_wconf 87' lang='lat' dir='ltr'><strong>salutem</strong></span> <span class='ocrx_word' id='word_1_260' title='bbox 2310 4331 2373 4390; x_wconf 92' lang='lat' dir='ltr'><strong>in</strong></span> <span class='ocrx_word' id='word_1_261' title='bbox 2440 4328 2689 4389; x_wconf 90' lang='lat' dir='ltr'><strong>domino</strong></span> <span class='ocrx_word' id='word_1_262' title='bbox 2740 4325 3200 4406; x_wconf 89' lang='lat' dir='ltr'><strong>sempiternam.</strong></span> <span class='ocrx_word' id='word_1_263' title='bbox 3292 4322 3395 4382; x_wconf 86' lang='lat' dir='ltr'><strong>Ad</strong></span> 
     </span>
     <span class='ocr_line' id='line_1_33' title="bbox 825 4425 3393 4520; baseline -0.004 -22"><span class='ocrx_word' id='word_1_264' title='bbox 825 4439 1256 4500; x_wconf 88' lang='lat' dir='ltr'><strong>vniuersorum</strong></span> <span class='ocrx_word' id='word_1_265' title='bbox 1305 4438 1598 4500; x_wconf 87' lang='lat' dir='ltr'><strong>noticiam</strong></span> <span class='ocrx_word' id='word_1_266' title='bbox 1668 4439 1890 4500; x_wconf 89' lang='lat' dir='ltr'><strong>harum</strong></span> <span class='ocrx_word' id='word_1_267' title='bbox 1939 4439 2101 4499; x_wconf 90' lang='lat' dir='ltr'><strong>serie</strong></span> <span class='ocrx_word' id='word_1_268' title='bbox 2162 4437 2449 4498; x_wconf 89' lang='lat' dir='ltr'><strong>volumus</strong></span> <span class='ocrx_word' id='word_1_269' title='bbox 2496 4434 2843 4520; x_wconf 82' lang='lat' dir='ltr'><strong>peruenire,</strong></span> <span class='ocrx_word' id='word_1_270' title='bbox 2915 4433 3083 4510; x_wconf 88' lang='lat' dir='ltr'><strong>quod</strong></span> <span class='ocrx_word' id='word_1_271' title='bbox 3128 4425 3393 4512; x_wconf 82' lang='lat' dir='ltr'><strong>Iacobus</strong></span> 
     </span>
     <span class='ocr_line' id='line_1_34' title="bbox 823 4536 3395 4624; baseline -0.005 -18"><span class='ocrx_word' id='word_1_272' title='bbox 823 4545 983 4606; x_wconf 86' lang='lat' dir='ltr'><strong>filius</strong></span> <span class='ocrx_word' id='word_1_273' title='bbox 1029 4547 1288 4606; x_wconf 88' lang='lat' dir='ltr'><strong>Wlkuta</strong></span> <span class='ocrx_word' id='word_1_274' title='bbox 1359 4565 1570 4606; x_wconf 88' lang='lat' dir='ltr'><strong>comes</strong></span> <span class='ocrx_word' id='word_1_275' title='bbox 1637 4545 1968 4619; x_wconf 85' lang='lat' dir='ltr'><strong>terrestriS,</strong></span> <span class='ocrx_word' id='word_1_276' title='bbox 2040 4565 2151 4624; x_wconf 90' lang='lat' dir='ltr'><strong>pro</strong></span> <span class='ocrx_word' id='word_1_277' title='bbox 2201 4564 2268 4604; x_wconf 89' lang='lat' dir='ltr'><strong>se</strong></span> <span class='ocrx_word' id='word_1_278' title='bbox 2318 4551 2381 4604; x_wconf 87' lang='lat' dir='ltr'><strong>et</strong></span> <span class='ocrx_word' id='word_1_279' title='bbox 2424 4563 2539 4622; x_wconf 89' lang='lat' dir='ltr'><strong>pro</strong></span> <span class='ocrx_word' id='word_1_280' title='bbox 2586 4540 2895 4600; x_wconf 89' lang='lat' dir='ltr'><strong>vniuersis</strong></span> <span class='ocrx_word' id='word_1_281' title='bbox 2954 4536 3395 4618; x_wconf 86' lang='lat' dir='ltr'><strong>iobagionibus</strong></span> 
     </span>
     <span class='ocr_line' id='line_1_35' title="bbox 826 4645 3393 4737; baseline -0.004 -21"><span class='ocrx_word' id='word_1_282' title='bbox 826 4656 1012 4716; x_wconf 87' lang='lat' dir='ltr'><strong>castri</strong></span> <span class='ocrx_word' id='word_1_283' title='bbox 1089 4654 1537 4737; x_wconf 86' lang='lat' dir='ltr'><strong>Zagrabiensis</strong></span> <span class='ocrx_word' id='word_1_284' title='bbox 1610 4656 1690 4714; x_wconf 90' lang='lat' dir='ltr'><strong>ad</strong></span> <span class='ocrx_word' id='word_1_285' title='bbox 1760 4663 2041 4714; x_wconf 89' lang='lat' dir='ltr'><strong>nostram</strong></span> <span class='ocrx_word' id='word_1_286' title='bbox 2119 4651 2529 4731; x_wconf 88' lang='lat' dir='ltr'><strong>personaliter</strong></span> <span class='ocrx_word' id='word_1_287' title='bbox 2600 4651 2908 4710; x_wconf 89' lang='lat' dir='ltr'><strong>accedens</strong></span> <span class='ocrx_word' id='word_1_288' title='bbox 2981 4645 3393 4725; x_wconf 84' lang='lat' dir='ltr'><strong>presenciam,</strong></span> 
     </span>
     <span class='ocr_line' id='line_1_36' title="bbox 822 4753 3391 4840; baseline -0.005 -16"><span class='ocrx_word' id='word_1_289' title='bbox 822 4763 1100 4824; x_wconf 88' lang='lat' dir='ltr'><strong>exhibuit</strong></span> <span class='ocrx_word' id='word_1_290' title='bbox 1144 4763 1323 4824; x_wconf 88' lang='lat' dir='ltr'><strong>nobis</strong></span> <span class='ocrx_word' id='word_1_291' title='bbox 1391 4763 1626 4822; x_wconf 89' lang='lat' dir='ltr'><strong>litteras</strong></span> <span class='ocrx_word' id='word_1_292' title='bbox 1674 4761 2095 4840; x_wconf 86' lang='lat' dir='ltr'><strong>priuilegiales</strong></span> <span class='ocrx_word' id='word_1_293' title='bbox 2164 4757 2483 4839; x_wconf 85' lang='lat' dir='ltr'><strong>magnifici</strong></span> <span class='ocrx_word' id='word_1_294' title='bbox 2528 4756 2645 4816; x_wconf 90' lang='lat' dir='ltr'><strong>viri</strong></span> <span class='ocrx_word' id='word_1_295' title='bbox 2692 4755 2934 4816; x_wconf 91' lang='lat' dir='ltr'><strong>Nicolai</strong></span> <span class='ocrx_word' id='word_1_296' title='bbox 2985 4755 3152 4829; x_wconf 89' lang='lat' dir='ltr'><strong>bani,</strong></span> <span class='ocrx_word' id='word_1_297' title='bbox 3225 4753 3391 4812; x_wconf 91' lang='lat' dir='ltr'><strong>bone</strong></span> 
     </span>
     <span class='ocr_line' id='line_1_37' title="bbox 825 4859 3393 4948; baseline -0.005 -17"><span class='ocrx_word' id='word_1_298' title='bbox 825 4871 1122 4930; x_wconf 87' lang='lat' dir='ltr'><strong>memorie</strong></span> <span class='ocrx_word' id='word_1_299' title='bbox 1189 4869 1654 4948; x_wconf 88' lang='lat' dir='ltr'><strong>predecessoris</strong></span> <span class='ocrx_word' id='word_1_300' title='bbox 1702 4868 1913 4942; x_wconf 88' lang='lat' dir='ltr'><strong>nostri,</strong></span> <span class='ocrx_word' id='word_1_301' title='bbox 1984 4885 2176 4944; x_wconf 85' lang='lat' dir='ltr'><strong>super</strong></span> <span class='ocrx_word' id='word_1_302' title='bbox 2222 4863 2706 4926; x_wconf 88' lang='lat' dir='ltr'><strong>confirmacione</strong></span> <span class='ocrx_word' id='word_1_303' title='bbox 2768 4863 3113 4924; x_wconf 87' lang='lat' dir='ltr'><strong>litterarum</strong></span> <span class='ocrx_word' id='word_1_304' title='bbox 3160 4859 3393 4920; x_wconf 91' lang='lat' dir='ltr'><strong>domini</strong></span> 
     </span>
     <span class='ocr_line' id='line_1_38' title="bbox 819 4967 3395 5058; baseline -0.005 -20"><span class='ocrx_word' id='word_1_305' title='bbox 819 4977 1094 5038; x_wconf 87' lang='lat' dir='ltr'><strong>Ladizlai</strong></span> <span class='ocrx_word' id='word_1_306' title='bbox 1142 4977 1243 5038; x_wconf 88' lang='lat' dir='ltr'><strong>dei</strong></span> <span class='ocrx_word' id='word_1_307' title='bbox 1289 4977 1507 5058; x_wconf 79' lang='lat' dir='ltr'><strong>gracia</strong></span> <span class='ocrx_word' id='word_1_308' title='bbox 1575 4976 1894 5056; x_wconf 86' lang='lat' dir='ltr'><strong>quondam</strong></span> <span class='ocrx_word' id='word_1_309' title='bbox 1939 4975 2111 5054; x_wconf 87' lang='lat' dir='ltr'><strong>regis</strong></span> <span class='ocrx_word' id='word_1_310' title='bbox 2156 4973 2503 5053; x_wconf 83' lang='lat' dir='ltr'><strong>Hungarie,</strong></span> <span class='ocrx_word' id='word_1_311' title='bbox 2556 4971 2755 5032; x_wconf 76' lang='lat' dir='ltr'><strong>felicis</strong></span> <span class='ocrx_word' id='word_1_312' title='bbox 2819 4967 3280 5030; x_wconf 85' lang='lat' dir='ltr'><strong>recordacionis</strong></span> <span class='ocrx_word' id='word_1_313' title='bbox 3330 4976 3395 5026; x_wconf 90' lang='lat' dir='ltr'><strong>et</strong></span> 
     </span>
    </p>
   </div>
  </div>
 </body>
</html>
