3917 5592
727 428 857 505 260

937 648 1223 719 originale
1261 652 1708 720 membraneum,
1758 652 2084 723 appendent
2122 650 2233 705 duo
2272 649 2471 719 sigilla,
2521 666 2697 705 unum
2738 664 2773 703 a
2812 650 3085 719 violacea,
3124 650 3278 704 aliud

727 754 764 793 a
799 739 976 793 rubea
1013 753 1159 793 zona
1194 738 1426 793 sericea.
1465 738 1718 793 Primum
1773 738 2017 807 sigillum
2058 738 2288 792 exhibet
2324 740 2563 806 scutum,
2612 737 2670 791 in
2709 754 2822 807 quo
2874 737 3083 791 collare
3133 737 3286 805 equi,

724 843 897 897 supra
921 828 1130 896 plumis
1157 830 1494 883 exornatum
1531 826 1750 895 visitur,
1788 827 2021 881 alterius
2059 842 2197 882 vero
2226 826 2389 895 sigilli
2419 826 2719 895 impressio
2760 825 2941 895 periit.
2982 827 3147 895 Apud
3184 843 3285 879 no-

717 916 892 971 bilem
929 917 1178 994 Marcum
1215 917 1472 972 Arbanas
1509 919 1568 971 in
1609 917 1770 972 lnfer.
1811 915 2085 975 Lomnioa
2122 915 2224 971 No.
2264 916 2351 970 29.

1901 1252 2113 1323 248.

933 1454 1119 1514 Anno
1177 1450 1360 1514 1441.
1417 1452 1512 1513 12.
1547 1452 1726 1513 iunii.
1774 1452 2149 1533 Zagrabiae.

722 1647 970 1712 Coram
1021 1646 1336 1711 Martino
1383 1644 1744 1730 Rospohar
1801 1645 2049 1711 comite
2099 1644 2349 1729 Campi
2402 1643 2900 1730 Zagrabiensis
2945 1665 3027 1709 ac
3074 1645 3282 1710 Petro

703 1751 867 1837 filio
897 1751 1254 1839 johannis
1299 1752 1382 1817 de
1421 1751 1673 1829 Mlaka,
1705 1752 1952 1817 comite
1986 1751 2304 1816 terrestri
2333 1751 2645 1816 eiusdem
2682 1750 2950 1835 Campi,
3000 1754 3285 1837 uterque

715 1860 971 1925 Petrus
1003 1857 1158 1943 filii
1205 1858 1419 1923 Pauli
1448 1857 1530 1923 de
1559 1857 2032 1943 Rakythowcz,
2068 1860 2393 1943 quartam
2433 1860 2712 1941 partem
2750 1857 3276 1941 possessionum

713 1987 1008 2032 suarum
1048 1966 1125 2031 in
1157 1966 1612 2052 Rakythowcz
1658 1965 2126 2045 existentium,
2158 1964 2416 2030 Elenae
2462 1967 2869 2029 materterae
2913 1985 3082 2029 suae
3127 1985 3279 2029 con·

1863 2074 2137 2157 jerunt.

935 2276 1068 2335 Nos
1116 2274 1424 2334 Martinus
1481 2274 1811 2352 Rospohar
1871 2290 2084 2332 comes
2147 2272 2373 2350 Campi
2419 2271 2867 2352 Zagrabiensis
2932 2290 3007 2331 ac
3052 2272 3276 2331 Petrus
3368 2272 3379 2283 '

719 2379 880 2443 filius
928 2380 1219 2441 Iohannis
1268 2382 1346 2439 de
1415 2380 1633 2439 Mlaka
1693 2397 1906 2463 comes
1967 2378 2278 2439 terrestris
2342 2378 2622 2439 eiusdem
2685 2377 2911 2455 Campi
2976 2378 3273 2437 memorie

720 2489 1234 2550 commendamus
1306 2496 1524 2547 tenore
1596 2486 1993 2565 presencium
2054 2485 2481 2565 significantes
2542 2486 2767 2565 quibus
2835 2485 3085 2564 expedit
3147 2485 3277 2545 uni-

721 2595 937 2669 versiS,
1003 2594 1171 2673 quod
1233 2612 1395 2653 unus
1460 2600 1524 2653 et
1588 2594 1739 2653 alter
1804 2594 2029 2653 Petrus
2090 2592 2197 2652 filii
2251 2592 2432 2653 Pauli
2474 2591 2583 2652 filii
2630 2592 2854 2669 Myren
2901 2591 3008 2651 filii
3056 2592 3277 2668 Rodyk

721 2704 798 2762 de
847 2701 1291 2777 Rakythowcz,
1341 2700 1580 2759 nobiles
1628 2699 1773 2760 dicti
1821 2698 2048 2777 Campi
2097 2699 2561 2779 ZagrabiensiS,
2611 2700 2691 2759 ad
2739 2708 3017 2759 nostram
3062 2719 3275 2778 perso-

716 2808 938 2868 naliter
983 2806 1307 2867 venientes
1355 2806 1764 2885 presenciam,
1822 2805 2091 2866 confessi
2152 2815 2297 2865 sunt
2364 2814 2585 2885 sponte
2650 2824 2867 2867 eorum
2915 2806 3057 2866 vive
3105 2805 3277 2865 vocis

718 2915 1059 2976 ministerio
1106 2914 1167 2974 in
1215 2914 1382 2973 hunc
1428 2914 1701 2987 modum,
1749 2922 1817 2973 ut
1844 2912 1962 2991 ipsi
2003 2932 2238 2988 veram,
2272 2922 2509 2974 rectam
2549 2922 2611 2974 et
2657 2915 2945 2993 equalem
2992 2920 3278 2992 quartam

714 3029 957 3100 partem
989 3020 1424 3081 universarum
1450 3019 1922 3098 possessionum
1955 3028 2018 3081 et
2046 3020 2413 3099 porcionum
2443 3020 3101 3099 possessionariarum,
3148 3028 3278 3080 tam

713 3127 1010 3188 nobilium
1055 3146 1247 3205 quam
1280 3126 1710 3205 empticiarum
1739 3146 1928 3205 quam
1967 3128 2166 3187 eciam
2200 3127 2817 3208 inpignoraticiarum
2862 3127 3085 3207 prefati
3131 3147 3276 3187 con-

714 3237 858 3297 dam
906 3235 1132 3312 Myren
1178 3234 1301 3294 awi
1349 3234 1644 3313 ipsorum,
1693 3234 1755 3294 in
1801 3234 2086 3313 predicta
2132 3236 2558 3311 Rakythowcz
2592 3241 2655 3294 et
2697 3235 2831 3295 eius
2877 3234 3275 3313 pertinenciis

713 3343 1066 3403 habitarum
1120 3350 1184 3401 et
1246 3341 1670 3416 existencium,
1733 3341 1955 3421 quovis
2018 3341 2286 3401 nominis
2348 3343 2657 3402 vocabulo
2721 3343 3147 3416 vocitatarum,
3214 3342 3278 3401 in

713 3449 882 3528 ipsos
929 3447 1164 3508 scilicet
1208 3468 1401 3508 unum
1449 3456 1512 3507 et
1559 3449 1821 3509 alterum
1867 3449 2124 3508 Petrum
2173 3468 2211 3508 a
2257 3452 2499 3528 pretato
2547 3450 2814 3509 condam
2861 3449 3086 3526 Myren
3136 3468 3277 3508 awo

715 3557 1011 3635 ipsorum,
1059 3554 1261 3615 omnis
1307 3554 1457 3614 iuris
1489 3554 1665 3614 titulo
1699 3556 2272 3615 condescensarum
2307 3564 2370 3615 et
2415 3555 2873 3630 devolutarum,
2923 3555 3103 3616 simul
3138 3576 3279 3615 cum

714 3662 1002 3724 omnibus
1051 3661 1330 3721 eiusdem
1378 3680 1551 3735 vere,
1600 3670 1770 3722 recte
1819 3670 1881 3721 et
1927 3662 2166 3741 equalis
2231 3670 2452 3741 quarte
2506 3662 2700 3741 partis
2749 3664 3090 3723 earundem
3137 3682 3280 3741 pos·

717 3768 1068 3837 sessionum
1099 3777 1162 3828 et
1191 3766 1558 3846 porcionum
1591 3768 2234 3847 possessionariarum
2267 3768 2646 3844 utilitatibus,
2695 3769 2927 3842 usibuS,
2958 3769 3281 3829 fructuosi-

720 3875 970 3949 tatibuS,
1017 3874 1308 3935 videlicet
1374 3875 1553 3954 aquis
1615 3884 1678 3935 et
1743 3895 2049 3954 aquarum
2114 3876 2753 3951 decursibuS,'si1viS,
2814 3876 3174 3936 nemoribus
3223 3884 3287 3936 et

715 3982 1026 4056 fenilibuS,
1074 3981 1268 4060 pratis
1315 4002 1566 4061 quoque
1615 3990 1678 4042 et
1724 3982 1978 4061 pascuis
2028 4002 2102 4043 ac
2149 3984 2388 4043 cunctis
2448 3982 2938 4044 circumstanciis
2987 3992 3050 4043 et
3092 3984 3279 4062 perti·

715 4088 953 4149 nenciis
1000 4088 1325 4162 universiS,
1375 4089 1458 4148 ad
1505 4090 1772 4149 eandem
1819 4099 2106 4169 quartam
2170 4099 2414 4167 partem
2476 4090 2754 4168 ipsarum
2813 4090 3282 4168 possessionum

718 4204 780 4255 et
825 4194 1191 4274 porcionum
1235 4196 1875 4274 possessionariarum
1937 4216 2189 4276 quoquo
2253 4198 2441 4257 modo
2506 4197 2933 4276 spectantibus
2989 4205 3052 4257 et
3096 4197 3255 4276 perti

718 4303 1024 4378 nentibuS,
1074 4323 1187 4363 seu
1249 4312 1536 4382 spectare
1601 4312 1664 4364 et
1727 4305 2039 4383 pertinere
2099 4305 2487 4379 debentibus,
2551 4301 2743 4365 nobili
2790 4306 3039 4365 domine
3086 4306 3282 4365 Elene

718 4419 959 4485 vocate,
1007 4411 1131 4471 filie
1177 4411 1441 4489 predicti
1486 4411 1730 4488 Myren,
1779 4413 1978 4472 sorori
2026 4412 2261 4472 scilicet
2322 4414 2563 4473 uterine
2628 4420 2691 4473 et
2755 4414 2990 4473 carnali
3051 4414 3277 4493 prefati

718 4517 897 4578 Pauli
944 4518 1138 4596 patris
1186 4518 1466 4597 ipsorum
1510 4519 1696 4578 unius
1730 4525 1793 4578 et
1826 4518 2079 4579 alterius
2110 4519 2296 4592 Petri,
2344 4528 2678 4580 matertere
2728 4520 3016 4581 videlicet
3061 4539 3281 4581 eorum

717 4624 1038 4685 dedissent
1084 4633 1147 4685 et
1207 4625 1626 4700 contulissent,
1689 4644 1902 4702 ymmo
1966 4634 2315 4704 spontanea
2377 4634 2441 4685 et
2499 4626 2791 4687 benivola
2852 4647 2928 4687 ac
3000 4628 3276 4688 unanimi

719 4752 938 4793 eorum
984 4733 1302 4792 voluntate
1350 4733 1658 4792 dederunt
1702 4741 1766 4793 et
1813 4734 2207 4795 contulerunt
2269 4753 2482 4794 coram
2543 4734 2724 4795 nobis
2788 4736 2919 4795 iure
2978 4744 3281 4814 perpetuo

725 4848 788 4900 et
856 4839 1344 4899 irrevocabiliter
1411 4839 1875 4918 possidendam,
1957 4842 2296 4902 tenendam
2365 4842 2598 4922 pariter
2666 4851 2728 4902 et
2795 4843 3151 4903 habendam
3219 4853 3283 4903 et

721 4947 1285 5026 quomodocunque
1335 4934 1597 5006 vol‘verit
1642 4948 2115 5026 disponendam.
2178 4949 2245 5008 In
2314 4949 2488 5009 cuius
2537 4949 2627 5009 rei
2674 4949 3042 5010 memoriam
3090 4959 3276 5030 atque
