3917 5592
3036 414 3167 487 253

599 629 1072 707 possessionum
1117 638 1180 691 et
1209 628 1574 708 porcionum
1622 650 1878 691 suarum
1909 631 2473 709 possessionarium
2518 630 2816 691 nobilium
2849 630 2911 689 in
2944 632 3167 690 eadem

603 736 822 795 Mlaka
869 746 932 795 et
978 736 1133 795 alias
1195 737 1398 796 ubivis
1463 737 1816 797 habitarum
1865 746 1927 797 et
1975 737 2399 811 existencium,
2462 737 2685 815 quovis
2742 736 3007 799 nominis
3055 756 3163 797 νοτ

603 842 826 902 cabulo
860 842 1289 917 vocitatamm,
1336 845 1457 903 hoc
1485 851 1583 903 est
1611 852 1898 921 quartam
1933 845 2293 921 puellarem,
2326 844 2506 903 simul
2540 862 2685 903 cum
2716 843 3005 904 omnibus
3039 852 3167 903 tam

600 950 794 1027 ipsius
841 950 1138 1010 sessionis
1187 969 1300 1011 sue
1369 951 1577 1010 totalis
1624 970 1814 1030 quam
1861 951 2025 1011 dicte
2074 958 2295 1028 quarte
2341 950 2536 1029 partis
2582 950 2861 1029 ipsarum
2910 969 3165 1010 suarum

602 1056 1072 1134 possessionum
1121 1065 1186 1117 et
1217 1057 1584 1135 porcionum
1629 1057 2268 1135 possessionariarum
2314 1056 2628 1131 nobilium,
2661 1058 2780 1117 hoc
2828 1064 2927 1117 est
2972 1057 3165 1134 ipsius

599 1171 820 1241 quarte
861 1164 1154 1241 puellaris
1201 1163 1580 1237 utilitatibus,
1629 1164 1862 1238 usibuS,
1909 1163 2335 1242 proventibus,
2367 1163 2901 1225 fructuositatibus
2934 1171 2997 1223 et
3026 1182 3165 1241 per·

599 1272 882 1334 tinenciis
930 1270 1254 1345 universiS,
1301 1271 1490 1331 nobili
1513 1270 1764 1331 domine
1809 1271 2156 1331 Scolastica
2188 1279 2429 1345 vocate,
2460 1271 2582 1331 filie
2616 1291 2727 1332 sue
2761 1273 2960 1347 unice,
2996 1292 3163 1333 nunc

601 1378 872 1441 consorti
919 1377 1220 1459 legittime
1293 1376 1614 1437 Benedicti
1701 1376 1810 1436 filii
1878 1378 2048 1437 Petri
2117 1379 2195 1438 de
2269 1377 2636 1454 Korilowcz,
2702 1378 2835 1439 aliis
2893 1379 3167 1457 prolibus

597 1498 660 1547 et
704 1486 1036 1547 heredibus
1104 1504 1179 1545 ac
1241 1484 1556 1544 sobolibus
1621 1485 1902 1545 eiusdem
1959 1485 2241 1565 Georgii,
2290 1492 2443 1544 nutu
2504 1485 2610 1547 dei
2655 1484 2903 1564 penitus
2951 1486 3159 1547 defici-

597 1595 859 1669 entibuS,
921 1600 1298 1653 testamento
1359 1592 1601 1651 verbali
1662 1592 2008 1673 legavisse-t
2070 1600 2133 1653 et
2193 1592 2531 1655 dimisisset
2599 1601 2901 1672 perpetuo
2964 1594 3165 1672 possi-

600 1702 906 1774 dendam;
953 1717 1140 1777 quam
1191 1699 1445 1777 quidem
1491 1699 1839 1759 sessionem
1885 1699 2079 1777 ipsius
2129 1699 2404 1779 Georgii,
2460 1700 2655 1779 patris
2704 1701 2867 1761 dicte
2916 1701 3165 1761 domine

595 1807 954 1881 Scolastice,
1027 1826 1102 1867 ac
1162 1806 1392 1865 dictam
1457 1814 1746 1885 quartam
1808 1815 2049 1885 partem
2111 1807 2494 1885 prefatarum
2562 1808 3034 1887 possessionum
3103 1816 3167 1868 et

592 1915 958 1994 porcionum
1003 1912 1642 1991 possessionariarum
1692 1913 1971 1973 eiusdem
2006 1914 2283 1993 Georgii,
2330 1916 2449 1975 hoc
2496 1923 2594 1975 est
2638 1916 2841 1993 ipsam
2872 1924 3162 1995 quartam

596 2024 958 2101 puellarem,
983 2042 1124 2081 cum
1151 2021 1406 2099 prefatis
1433 2020 1722 2081 omnibus
1768 2030 1896 2081 tam
1930 2022 2125 2100 ipsius
2156 2022 2454 2083 sessionis
2502 2042 2691 2101 quarn
2730 2023 2891 2083 dicte
2942 2032 3161 2102 quarte

591 2130 888 2209 puellaris
935 2129 1316 2203 utilitatibus,
1364 2128 1597 2202 usibus,
1645 2130 2067 2207 proventibuS,
2137 2129 2671 2191 fructuositatibus
2732 2139 2795 2191 et
2847 2131 3158 2209 pertinen·

592 2238 703 2298 ciis
737 2237 1062 2311 universiS,
1109 2256 1224 2315 per
1267 2236 1616 2315 predictam
1663 2237 2055 2315 legacionem
2104 2237 2638 2298 testamentariam
2685 2238 2831 2298 dicti
2878 2238 3154 2318 Georgii,

591 2344 793 2423 patris
853 2344 1048 2423 ipsius
1112 2344 1360 2405 domine
1407 2344 1766 2417 Scolastice,
1834 2344 2037 2404 eidem
2070 2344 2319 2405 domine
2364 2346 2707 2405 Scolastice
2769 2366 2845 2405 ex
2906 2346 3159 2406 instanti

587 2450 652 2529 ip
667 2450 796 2512 sius
872 2450 1183 2529 peticione
1253 2450 1646 2511 decrevimus
1716 2450 1848 2510 fore
1927 2450 2325 2511 statuendam
2394 2459 2458 2510 et
2524 2451 2860 2512 literatorie
2936 2453 3157 2513 confir-

595 2558 922 2632 mandam;
971 2566 1035 2617 et
1080 2577 1226 2617 cum
1284 2558 1540 2617 tandem
1601 2576 1715 2616 nos
1773 2558 1852 2617 ad
1909 2557 2241 2617 instantem
2303 2558 2585 2617 eiusdem
2646 2558 2895 2617 domine
2942 2540 3153 2619 Scola-

594 2664 746 2725 stice
795 2664 1184 2742 peticionem,
1247 2665 1488 2724 nobiles
1539 2664 1723 2739 virOS,
1771 2664 2062 2724 videlicet
2122 2666 2509 2742 Stephanum
2556 2664 2749 2724 filium
2797 2666 3031 2725 Vrbani
3080 2667 3158 2726 de

591 2773 942 2833 Korilowcz
995 2780 1057 2831 et
1119 2772 1466 2853 Georgium
1513 2771 1706 2831 fllium
1752 2770 1960 2850 Egidii
2008 2772 2087 2831 de
2144 2772 2387 2846 eadem,
2449 2771 2819 2851 iobagiones
2870 2772 3154 2833 videlicet

592 2888 840 2938 nostros
897 2878 1269 2958 fidedignOS,
1332 2880 1412 2939 de
1475 2879 1624 2938 sede
1673 2884 1886 2937 nostra
1953 2877 2255 2938 iudicaria
2300 2878 2675 2955 supradicta,
2738 2879 2959 2938 eadem
3006 2879 3159 2938 feria

595 2987 890 3059 secunda,
955 2987 1036 3045 ad
1099 2985 1555 3063 infrascriptam
1625 2986 1786 3045 dicte
1849 2985 2147 3044 sessionis
2211 2993 2273 3044 et
2334 2984 2525 3062 ipsius
2585 2992 2805 3063 quarte
2868 2986 3159 3063 puellaris

597 3093 1008 3153 statucionem
1055 3092 1426 3167 faciendam,
1475 3093 1776 3172 legittime
1825 3092 2334 3165 destinassemuS,
2379 3099 2526 3150 tunc
2565 3092 2755 3151 iidem
2786 3092 3155 3171 iobagiones

595 3200 789 3260 nostri
837 3199 1137 3279 fidedigni
1186 3199 1248 3258 in
1295 3199 1624 3277 quindenis
1673 3200 1948 3276 predicte
1996 3198 2148 3259 ferie
2212 3198 2503 3271 secunde,
2551 3218 2723 3258 more
2772 3198 2927 3258 alias
2976 3198 3155 3258 solito

598 3308 820 3371 exinde
871 3308 952 3367 ad
998 3327 1114 3366 nos
1162 3307 1416 3380 reversi,
1463 3306 1644 3365 nobis
1693 3307 2082 3367 concorditer
2114 3326 2190 3365 eo
2222 3306 2409 3365 modo
2440 3306 2795 3379 retulerunt,
2842 3308 3157 3384 quomodo

593 3415 710 3493 ipsi
772 3415 928 3475 feria
989 3425 1168 3475 sexta
1225 3414 1510 3492 proxima
1573 3423 1718 3474 ante
1776 3414 2003 3473 festum
2068 3414 2370 3473 kathedre
2432 3412 2599 3473 beati
2647 3413 2926 3490 apostoli,
2990 3434 3154 3473 nunc

591 3524 871 3602 proxime
903 3522 1180 3583 similiter
1218 3523 1598 3601 preteritum,
1648 3523 1728 3582 ad
1775 3522 1968 3581 facies
2002 3522 2163 3581 dicte
2192 3520 2398 3579 totalis
2430 3520 2725 3580 sessionis
2754 3540 2827 3581 ac
2873 3520 3152 3598 ipsarum

589 3632 1059 3711 possessionum
1093 3638 1154 3691 et
1186 3631 1550 3709 porcionum
1585 3629 2220 3708 possessionariarum
2250 3628 2547 3689 nobilium
2577 3628 2836 3707 predicti
2867 3629 3143 3709 Georgii,

589 3739 785 3819 patris
832 3739 1026 3817 ipsius
1075 3739 1325 3799 domine
1371 3738 1730 3812 Scolastice,
1779 3737 1998 3798 vicinis
2046 3745 2108 3797 et
2154 3735 2598 3797 commetaneis
2640 3737 2979 3797 earundem
3015 3737 3145 3797 uni-

591 3848 790 3909 versis
836 3848 986 3908 inibi
1033 3848 1334 3927 legittime
1403 3847 1764 3907 convocatis
1813 3856 1876 3907 et
1939 3847 2077 3925 ipsa
2141 3846 2392 3906 domina
2453 3844 2795 3905 Scolastica
2857 3855 3147 3923 presente

589 3957 980 4029 accedenteS,
1030 3955 1296 4015 eandem
1343 3956 1600 4015 totalem
1647 3954 1991 4014 sessionem
2041 3954 2339 4032 sepedicti
2372 3951 2646 4031 Georgii,
2678 3952 2870 4031 patris
2904 3954 3145 4030 prefate

581 4062 844 4125 domine
892 4063 1234 4123 Scolastice
1282 4064 1343 4122 in
1393 4063 1558 4123 dicta
1605 4064 1836 4137 Mlaka,
1884 4063 2046 4122 inter
2093 4071 2323 4122 terram
2386 4062 2792 4121 sessionalem
2858 4062 3155 4122 arabilem

594 4170 816 4250 prefati
864 4171 1067 4230 Marci
1111 4171 1220 4231 filii
1267 4172 1462 4249 ipsius
1527 4173 1698 4230 Iwan
1748 4171 1826 4230 ab
1891 4170 2147 4243 oriente,
2212 4170 2289 4228 ab
2351 4169 2673 4231 occidente
2737 4178 2946 4229 autern
3011 4178 3074 4230 et
3121 4190 3159 4230 a

592 4280 932 4339 meridione
980 4279 1139 4338 inter
1184 4287 1420 4339 terram
1469 4279 1768 4338 arabilem
1815 4278 2248 4357 quartaliciam
2301 4277 2755 4355 infrascriptam
2804 4276 2997 4355 ipsius
3046 4278 3154 4337 do-

591 4386 758 4446 mine
821 4386 1181 4460 Scolastice,
1245 4406 1283 4445 a
1343 4387 1784 4464 septemtr'one
1852 4402 2003 4445 vero
2068 4385 2227 4444 inter
2273 4384 2531 4444 fluvium
2588 4385 2803 4444 Mlaka
2869 4393 3162 4445 vocatum

597 4492 891 4565 habitam,
939 4492 1002 4551 in
1050 4492 1313 4553 solidum
1382 4502 1444 4551 et
1512 4512 1624 4570 per
1672 4512 1740 4552 se
1803 4511 1916 4571 pro
1975 4491 2294 4552 nobilitate
2362 4511 2437 4551 ex
2500 4492 2780 4570 predicta
2829 4492 3199 4572 legacione'

594 4600 1067 4661 testamentaria
1113 4600 1414 4678 sepedicti
1447 4600 1724 4680 Georgii,
1757 4599 1952 4678 patris
1986 4599 2265 4678 sepefate
2301 4600 2549 4659 domine
2581 4600 2953 4675 Scolastice;
3002 4600 3153 4661 item

589 4708 906 4786 quandam
954 4714 1186 4765 terram
1234 4708 1533 4767 arabilem
1582 4707 1644 4767 in
1693 4708 1916 4767 eadem
1951 4708 2184 4781 Mlaka,
2233 4727 2425 4785 penes
2466 4708 2775 4786 prefatam
2805 4708 3151 4769 sessionem

585 4814 856 4875 nobilem
890 4814 1172 4874 eiusdem
1205 4814 1453 4873 domine
1486 4814 1828 4875 Scolastice
1864 4815 1941 4874 ab
1977 4815 2233 4889 oriente,
2283 4834 2357 4874 ac
2392 4815 2551 4875 inter
2582 4826 2812 4876 terram
2849 4816 3151 4879 arabilem

584 4931 1000 5001 campestrem
1047 4922 1269 5001 prefati
1317 4922 1518 4982 Marci
1551 4923 1656 4982 filii
1696 4923 1888 5000 ipsius
1915 4924 2088 4982 Iwan
2122 4923 2201 4981 ab
2236 4922 2575 4999 occidente,
2624 4944 2663 4983 a
2696 4924 3139 5003 septemtrione
