3917 5592
2932 427 3064 490 415

503 639 912 700 tractabiliter
970 641 1408 719 possidendae,
1453 641 1758 700 tenendas
1805 641 2163 720 pariterque
2211 648 2275 700 et
2319 640 2681 716 habendas3
2732 644 3072 723 assumpsit

507 746 941 807 nichilominus
1002 747 1246 826 prefata
1309 744 1574 832 domina·
1623 746 1822 806 Elena
1867 746 1930 806 in
1978 746 2241 826 pacifico
2313 747 2586 808 dominio
2649 749 3068 826 predictarum

510 854 776 913 duarum
841 861 1146 914 terrarum
1213 853 1556 928 arabilium,
1618 856 1928 932 prelatum
1989 874 2183 914 unum
2246 862 2309 914 et
2357 855 2619 914 alterum
2671 856 3069 916 Valentinum

504 960 908 1039 ipsorumque
955 961 1221 1021 heredes
1269 968 1487 1021 contra
1533 961 1790 1039 quosvis
1851 960 2209 1040 illegitimos
2274 959 2659 1040 impetitores
2706 962 2880 1037 tueri,
2926 983 3067 1042 pro-

506 1072 724 1148 tegere
788 1075 851 1128 et
908 1068 1245 1130 defendere
1306 1068 1572 1148 propriis
1635 1069 1765 1128 suis
1824 1069 2191 1148 sumptibus,
2257 1068 2575 1129 laboribus
2638 1078 2701 1130 et
2761 1071 3068 1150 expensiS,

509 1175 730 1234 harum
797 1183 1152 1236 nostrarum
1215 1176 1436 1256 vigore
1498 1183 1562 1235 et
1616 1175 1973 1236 testimonio
2035 1176 2381 1237 litterarum
2440 1174 2801 1253 mediante⁹,
2867 1180 3072 1258 sigilla

507 1291 720 1342 nostra
769 1283 847 1342 de
894 1303 1068 1344 more
1117 1285 1272 1345 alias
1320 1291 1620 1344 consveto
1668 1283 1957 1344 duximus
1991 1285 2423 1362 appendenda.
2470 1285 2703 1346 Datum
2734 1287 3066 1367 Zagrabie,

505 1390 660 1450 feria
707 1392 984 1452 secunda
1030 1392 1314 1471 proxima
1362 1398 1505 1451 ante
1552 1391 1782 1451 testum
1813 1391 2249 1469 concepcionis
2282 1391 2542 1472 virginis
2574 1393 2863 1473 gloriose,
2900 1413 3065 1454 anno

506 1499 740 1559 domini
787 1499 1122 1590 millesimo·
1159 1499 1778 1580 quadringentesimo
1826 1499 2228 1580 sexagesimo
2273 1500 2491 1580 primo,

723 1636 1010 1706 originale
1049 1640 1493 1708 membraneum,
1532 1639 1857 1708 appendent
1894 1639 2040 1694 duae
2078 1655 2257 1694 zonae
2296 1639 2543 1695 sericeae
2580 1641 2734 1695 rubri
2772 1642 2997 1712 coloriS,
3036 1658 3072 1696 a

506 1742 744 1795 quarum
781 1726 966 1794 prima
989 1727 1197 1796 pendet
1221 1727 1486 1796 sigillum,
1515 1726 1749 1782 exibens
1775 1730 2013 1798 scutum,
2043 1728 2100 1782 in
2126 1744 2237 1798 quo
2263 1729 2355 1783 leo
2380 1729 2789 1798 posterioribus
2828 1731 3067 1800 pedibus

506 1815 790 1887 imitatem,
829 1817 1010 1870 cauda
1046 1817 1336 1872 trifurcata
1385 1821 1586 1882 erecta,
1625 1833 1824 1872 versus
1864 1834 1895 1873 e
1933 1819 2245 1873 monticulo
2291 1818 2349 1873 in
2389 1819 2565 1874 dextr.
2610 1821 2753 1876 scuti
2784 1822 2957 1876 latere
2997 1820 3070 1892 (?)

509 1909 1016 1960 eccrescententem
1038 1908 1298 1962 arborem
1320 1906 1441 1962 sive
1466 1921 1676 1977 rosam,
1696 1907 2065 1977 progreditur.
2088 1909 2253 1978 Apud
2272 1908 2523 1964 nobilem
2546 1911 2792 1965 Marcum
2814 1912 3070 1966 Arbanas

505 1997 566 2051 in
605 1996 768 2051 Infer.
805 1995 1078 2051 Lomnica
1114 1995 1216 2052 No,
1255 1997 1343 2052 29.

738 2176 752 2205 ¹
788 2175 886 2230 sic.
965 2173 990 2205 ¹
1023 2175 1250 2230 termini
1290 2175 1384 2229 »in
1422 2192 1580 2246 sua«,
1621 2177 1717 2245 qui
1755 2177 1916 2246 sequi
1956 2178 2241 2248 deberent,
2279 2178 2493 2234 desunt.
2571 2180 2592 2208 ³
2628 2179 2711 2233 sic
2748 2178 3069 2250 (vocatum).

509 2263 534 2294 ⁴
571 2264 653 2318 sic
692 2262 933 2334 (dictas).
997 2262 1022 2295 ⁶
1059 2265 1139 2318 sic
1176 2263 1626 2334 (continentem).
1692 2265 1715 2296 ⁸
1751 2266 1834 2320 sic
1872 2265 2199 2337 (vocatam).
2268 2267 2289 2297 '¹
2324 2267 2407 2322 sic
2445 2266 2865 2338 (nuncupatas).
2926 2269 2949 2299 ⁹
2985 2269 3067 2324 sic

511 2352 805 2424 (easdem).
848 2354 868 2383 ⁸
906 2354 1177 2408 terminus
1217 2355 1506 2425 quibus«,
1546 2355 1638 2424 qui
1680 2356 1838 2424 sequi
1867 2356 2109 2427 deberet,
2149 2358 2323 2414 deest·

1682 2639 1897 2710 33⁷.

721 2838 906 2899 Anno
963 2838 1148 2900 1462.
1198 2838 1301 2901 30.
1347 2841 1630 2901 ianuarii.

509 3033 762 3098 Coram
809 3034 1112 3118 capitulo
1176 3035 1496 3099 ecclesiae
1559 3035 2075 3121 ZagrabiensiS,
2141 3036 2397 3100 Petrus
2441 3041 2505 3102 et
2552 3037 2942 3122 §tephanus
2987 3039 3069 3104 de

503 3138 756 3218 Mlaka,
803 3140 1096 3204 Elenam
1158 3143 1748 3228 consangvineam
1812 3145 2129 3228 ipsorum
2178 3145 2259 3208 in
2304 3165 2585 3209 uxorem
2645 3145 2873 3210 Lucae
2905 3144 3069 3229 filio

508 3246 701 3310 Petri
751 3246 903 3311 Lala
949 3247 1032 3312 de
1077 3247 1442 3314 Iamnicza
1488 3249 1704 3335 Infer.
1752 3250 2063 3327 tr'aduut,
2127 3250 2480 3336 eidemque
2523 3253 2901 3318 sessionem
2941 3258 3066 3338 pa-

1209 3357 1346 3422 tris
1391 3356 1617 3422 dictae
1659 3359 1919 3423 Elenae
1965 3359 2353 3444 assignant.

718 3552 852 3612 Nos
901 3552 1238 3631 capitulum
1287 3554 1549 3616 ecclesie
1612 3555 2060 3636 Zagrabiensis
2108 3566 2324 3619 notum
2368 3558 2632 3618 facimus
2679 3567 2892 3621 tenore
2925 3581 3063 3640 pre-

503 3659 783 3720 sencium
843 3661 1271 3740 significantes
1339 3663 1563 3741 quibus
1613 3663 1864 3742 expedit
1909 3664 2237 3742 universis,
2302 3667 2471 3746 quod
2516 3668 2740 3727 Petrus
2806 3677 2868 3728 et
2925 3670 3062 3730 Ste-

503 3768 750 3846 phanus
808 3768 916 3828 filii
961 3769 1217 3850 Georgii
1282 3771 1389 3840 fiui
1449 3771 1776 3832 Michaelis
1824 3773 1902 3833 de
1949 3773 2167 3834 Mlaka
2215 3775 2293 3834 ab
2342 3795 2483 3850 una,
2545 3783 2723 3854 parte
2789 3795 2939 3836 vero
2988 3798 3064 3837 ex

515 3876 711 3934 altera
757 3877 962 3936 Lucas
1009 3877 1171 3937 filius
1219 3878 1386 3938 Petri
1433 3879 1567 3939 Lah
1602 3879 1749 3939 dicti
1796 3881 1874 3940 de
1922 3881 2237 3941 Iamnicza
2266 3882 2562 3958 Inferiori,
2611 3883 2805 3943 nostri
2851 3903 3062 3962 perso-

511 3982 736 4043 naliter
782 3984 1098 4045 constituti
1143 3985 1207 4045 in
1255 3986 1599 4064 presencia,
1649 3987 1936 4048 dixerunt
1984 3996 2046 4048 et
2092 3989 2363 4049 confessi
2410 3998 2555 4050 sunt
2601 3990 2663 4050 in
2723 3991 2887 4050 hunc
2933 4011 3063 4051 mo-

508 4090 674 4164 dum,
723 4092 892 4170 quod
958 4092 1102 4152 licet
1170 4093 1325 4154 alias
1395 4094 1668 4173 quedam
1715 4095 1848 4157 rixa
1895 4115 2029 4156 sew
2095 4096 2420 4158 contencio
2481 4099 2751 4159 verbosa
2811 4099 3062 4160 racione

510 4198 836 4259 cuiusdam
883 4201 1135 4280 negocii
1179 4201 1341 4262 inter
1388 4201 1558 4281 ipsos
1605 4211 1777 4264 mota
1819 4204 2043 4266 fuisset
2088 4215 2153 4266 et
2197 4214 2431 4282 exorta,
2496 4215 2705 4268 tamen
2752 4208 2869 4287 ipsi
2915 4227 3060 4269 con-

503 4305 640 4366 silio
688 4314 752 4366 et
795 4306 1197 4369 incitamento
1259 4311 1694 4370 nonnullorum
1755 4312 2094 4390 proborum
2158 4313 2433 4374 virorum
2498 4334 2720 4394 pacem
2782 4315 3063 4394 parcium

504 4413 852 4475 zelancium
921 4415 1077 4490 freti,
1142 4416 1358 4494 sopitis
1421 4425 1484 4477 et
1547 4419 1877 4478 annullatis
1947 4421 2106 4480 inter
2186 4441 2255 4481 se
2326 4422 2613 4482 omnibus
2682 4423 2833 4502 ipsis
2913 4424 3061 4485 rixis

503 4540 615 4581 seu
687 4523 1197 4584 contencionibus
1267 4524 1659 4603 quibuslibet,
1727 4527 1953 4605 prefati
2013 4529 2237 4589 Petrus
2300 4537 2362 4588 et
2422 4530 2795 4609 Stephanus,
2856 4533 3061 4611 ipsum

502 4629 741 4688 Lucam
817 4629 1094 4691 fraterno
1173 4632 1619 4711 amplectentes
1697 4653 1928 4709 amore,
1998 4636 2270 4696 nobilem
2344 4637 2616 4715 puellam
2684 4639 2883 4699 Elena
2950 4659 3059 4700 vo-

504 4723 727 4809 catam,
786 4727 978 4796 filiam
1039 4737 1328 4797 videlicet
1392 4739 1658 4800 condam
1724 4740 2016 4822 Gregorii
2079 4743 2187 4802 filii
2247 4743 2570 4804 Benedicti
2632 4746 3063 4824 Iwradowych

501 4839 648 4900 dicti
713 4841 792 4901 de
863 4849 1147 4921 pretacta
1214 4845 1446 4922 Mlaka,
1514 4865 1794 4907 sororem
1863 4849 2099 4911 scilicet
2167 4858 2231 4911 et
2298 4851 2832 4932 consangvineam
2893 4853 3057 4933 ipso-

501 4966 655 5024 rum,
717 4955 998 5037 pretactp
1061 4951 1230 5015 Luce
1299 4952 1418 5016 ritu
1487 4973 1748 5017 romano
1818 4956 2119 5040 legittime
2193 4957 2594 5020 tradidissent
2654 4959 2716 5022 in
2780 4979 3056 5038 uxorem,
