3917 5592
772 405 906 467 374

770 639 884 700 per
930 623 1246 700 quandam
1297 622 1620 702 antiquam
1669 623 1835 683 viam
1881 623 1965 683 ad
2011 622 2317 700 Chychan
2372 622 2653 683 similiter
2685 624 3062 697 tendentem,
3112 631 3175 683 et
3219 639 3335 701 per

771 731 1038 791 eandem
1086 731 1407 810 antiquam
1453 731 1622 791 viam
1667 731 1730 790 in
1778 730 2026 791 modico
2074 731 2289 810 spacio
2336 732 2545 792 eundo
2613 731 2950 791 reflectitur
3009 731 3091 790 ad
3136 749 3329 789 unum

770 839 994 900 rubum
1071 839 1392 918 spinarum
1453 847 1518 900 et
1577 839 1840 920 aliarum
1909 840 2222 914 arborum,
2292 840 2398 899 ubi
2468 859 2594 899 una
2657 839 2844 900 arbor
2902 839 3118 918 populi
3164 839 3331 918 wlgo

769 947 1000 1027 iagned
1049 947 1216 1007 dicta
1262 947 1554 1022 excrevit,
1601 967 1724 1026 que
1771 966 1884 1026 pro
1931 955 2102 1007 meta
2149 956 2247 1007 est
2292 948 2592 1027 deputata
2640 955 2704 1008 et
2735 947 3021 1008 crucibus
3062 947 3331 1028 signata,

772 1073 811 1114 a
855 1063 1033 1134 parte
1081 1055 1371 1116 videlicet
1417 1055 1758 1115 occidentis
1807 1054 1944 1130 sita,
1992 1055 2218 1115 deinde
2275 1056 2357 1116 ad
2390 1054 2660 1115 eundem
2688 1055 3077 1116 occidentem
3125 1054 3331 1114 eundo

768 1163 1054 1242 pervenit
1100 1163 1181 1223 ad
1227 1183 1420 1223 unum
1468 1163 1873 1224 monticulum
1921 1181 2035 1222 seu
2067 1171 2301 1223 metam
2333 1172 2621 1237 terream,
2668 1163 2775 1222 ubi
2809 1170 3185 1222 concurrunt
3214 1180 3329 1222 seu

769 1270 1148 1330 conveniunt
1206 1278 1371 1331 mete
1437 1270 1753 1346 nobilium,
1813 1279 1945 1331 tarn
2008 1271 2086 1330 de
2149 1271 2317 1330 dicta
2373 1270 2591 1330 Mlaka
2637 1283 2827 1350 quam
2892 1271 2972 1330 de
3036 1268 3333 1329 Hrelinch

775 1375 965 1458 quam
992 1425 1005 1438 .
1032 1425 1086 1438 ..
1122 1425 1135 1438 .
1170 1379 1248 1439 de
1279 1380 1662 1452 Iakwseuee,
1709 1378 1917 1458 ibique
1966 1386 2131 1439 mete
2179 1378 2456 1457 predicte
2504 1379 2664 1438 inter
2712 1377 3147 1458 possessiones
3192 1395 3331 1456 pre-

771 1486 1078 1546 dictorum
1146 1485 1444 1547 nobilium
1506 1486 1584 1546 de
1647 1486 1928 1565 predicta
1990 1487 2223 1561 Mlaka,
2294 1495 2358 1546 et
2400 1486 2562 1546 inter
2630 1485 3064 1565 possessiones
3110 1484 3333 1564 prefati

774 1592 1118 1654 Clementis
1164 1594 1344 1672 parvi
1390 1601 1454 1653 et
1498 1594 1801 1653 heredum
1846 1593 2125 1673 ipsorum
2188 1593 2268 1654 ab
2318 1594 2573 1672 antiquo
2633 1593 2845 1654 habite
2906 1592 3332 1666 terminantur,

773 1709 1248 1781 assumpserunt
1293 1701 1503 1780 itaque
1551 1701 1806 1781 insuper
1851 1702 2129 1781 predicte
2179 1703 2362 1763 ambe
2409 1710 2639 1780 parteS,
2687 1702 2979 1762 videlicet
3021 1709 3155 1762 tam
3188 1720 3327 1780 pre-

767 1810 935 1870 fatus
984 1809 1282 1871 Clemens
1329 1830 1561 1888 parvus
1608 1811 1671 1869 in
1719 1811 2003 1889 personis
2036 1829 2303 1890 quorum
2334 1830 2543 1890 supra,
2592 1830 2780 1890 quam
2821 1810 3083 1889 predicti
3113 1828 3332 1870 omnes

770 1917 1009 1978 nobiles
1058 1918 1138 1978 de
1184 1917 1428 1997 prefata
1475 1919 1707 1993 Mlaka,
1756 1918 2036 1978 similiter
2080 1918 2143 1978 in
2193 1919 2468 1997 ipsorum
2517 1927 2579 1977 et
2624 1918 2902 1978 omniurn
2956 1917 3219 1978 fratrum
3258 1936 3333 1976 ac

769 2026 1070 2086 heredum
1119 2026 1460 2086 eorundem
1508 2025 1810 2105 personiS,
1858 2045 2045 2086 omne
2094 2026 2375 2086 similiter
2419 2045 2578 2086 onus
2626 2034 2689 2086 et
2734 2045 3083 2106 gravamen
3115 2043 3369 2108 eorum·

771 2134 834 2194 in
885 2153 954 2194 se
1001 2135 1173 2213 ipsos
1220 2141 1442 2212 sponte
1489 2152 1604 2213 per
1634 2132 1846 2194 omnia
1890 2142 2380 2213 assumpserunt,
2427 2134 2741 2213 predictas
2787 2141 2988 2193 metas
3022 2152 3135 2211 pro
3169 2132 3333 2192 veris

770 2251 834 2301 et
880 2241 1150 2320 antiquis
1200 2259 1418 2302 eorum
1465 2241 1648 2301 metis
1693 2242 1854 2302 inter
1899 2241 2335 2321 possessiones
2382 2241 2661 2319 ipsorum
2692 2240 2951 2301 firmiter
2980 2249 3043 2301 et
3074 2240 3331 2301 inviola-

767 2349 969 2410 biliter
999 2369 1249 2429 semper
1296 2358 1359 2410 et
1402 2350 1467 2409 in
1514 2369 1702 2410 evum
1732 2350 2045 2410 tenebitur
2091 2357 2154 2410 et
2199 2349 2633 2410 observabitur
2645 2348 2683 2424 ¹,
2729 2349 2837 2409 tali
2878 2349 3170 2409 videlicet
3215 2347 3330 2407 sub

766 2458 1178 2538 obligacione,
1240 2459 1409 2536 quod
1455 2465 1662 2518 utrum
1712 2478 1836 2537 que
1883 2459 2159 2537 ipsarum
2209 2457 2490 2537 parcium
2536 2457 2848 2536 predictas
2910 2466 3111 2518 metas
3174 2456 3335 2517 inter

771 2565 1048 2645 prefatas
1096 2567 1530 2645 possessiones
1579 2585 1797 2626 eorum
1841 2567 2031 2627 modo
2091 2565 2397 2646 premisso
2461 2565 2709 2626 habitas
2755 2584 2881 2625 non
2938 2573 3180 2626 teneret
3227 2573 3334 2624 aut

771 2675 1125 2749 violaretur,
1172 2675 1313 2734 talis
1360 2693 1509 2753 pars
1556 2683 1773 2734 contra
1821 2675 2009 2736 aliam
2055 2683 2315 2754 partem,
2362 2674 2534 2752 ipsas
2582 2672 2818 2734 scilicet
2870 2681 3072 2734 metas
3119 2673 3331 2733 obser-

773 2791 1029 2843 vantem
1076 2791 1140 2843 et
1183 2801 1308 2843 non
1340 2782 1694 2857 violantem,
1731 2783 1794 2843 in
1824 2783 2279 2864 quinquaginta
2325 2782 2555 2842 marcis
2601 2767 3000 2842 denariorum
3031 2800 3144 2859 pro
3176 2789 3331 2841 tem-

775 2910 928 2970 pore
977 2891 1277 2952 usualiter
1324 2891 1731 2966 currencium‚
1780 2898 1843 2951 et
1889 2898 2107 2950 contra
2168 2888 2427 2949 comites
2489 2888 2751 2967 predicti
2804 2887 3031 2966 Campi
3095 2889 3332 2968 Zagra-

773 2999 1005 3059 biensis
1082 3018 1196 3079 pro
1272 3007 1554 3078 tempore
1632 2998 2018 3070 constitutoS,
2096 2996 2375 3056 similiter
2444 2995 2505 3056 in
2575 2995 3031 3076 quinquaginta
3106 2995 3332 3056 marcis

774 3108 1173 3169 denariorum
1235 3107 1436 3169 eciam
1499 3127 1612 3187 pro
1670 3116 1951 3186 tempore
2018 3106 2316 3166 usualiter
2379 3104 2787 3178 currencium‚
2849 3124 2993 3166 mox
3049 3105 3336 3165 convicta

773 3217 1084 3277 habeatur
1115 3224 1178 3276 et
1207 3216 1291 3276 sit
1321 3223 1631 3296 agravata
1661 3215 1797 3293 ipso
1829 3214 2014 3288 fact0‚
2064 3213 2143 3274 de
2176 3213 2402 3292 quibus
2435 3213 2687 3292 quidem
2719 3212 2998 3292 pecuniis
3030 3213 3333 3291 quinqua-

777 3325 954 3406 ginta
1000 3325 1230 3385 marcis
1277 3325 1691 3398 denariorum,
1738 3323 1910 3402 prius
1941 3321 2060 3401 ipsi
2106 3322 2267 3401 parti
2311 3321 2509 3382 dictas
2538 3329 2739 3381 metas
2771 3320 3087 3380 observati
3120 3328 3182 3382 et
3209 3339 3335 3381 non

773 3433 1048 3508 violanti,
1095 3453 1211 3493 nos
1259 3440 1368 3493 aut
1413 3449 1812 3492 successores
1874 3429 2089 3506 nostri,
2152 3430 2411 3490 comites
2458 3430 2748 3489 videlicet
2809 3429 3035 3507 Campi
3096 3430 3333 3510 Zagra-

773 3541 1008 3602 biensis
1035 3561 1151 3621 pro
1179 3549 1462 3620 tempore
1511 3537 1843 3612 constituti,
1893 3545 2039 3597 ante
2086 3537 2208 3596 litis
2256 3537 2625 3617 ingressum,
2658 3535 2848 3596 immo
2883 3537 3120 3615 absque
3167 3535 3337 3595 omni

772 3649 1047 3730 litigario
1093 3667 1395 3729 processu
1443 3648 1521 3707 de
1569 3646 1810 3724 prefata
1857 3653 2035 3724 parte
2082 3644 2253 3722 ipsas
2300 3652 2503 3704 metas
2550 3643 2820 3704 violante
2868 3651 2931 3702 et
2961 3662 3086 3702 non
3121 3644 3335 3703 obser-

777 3766 983 3832 vante,
1030 3756 1375 3836 plenariam
1413 3754 1622 3814 facere
1655 3752 1965 3813 tenebitur
1998 3759 2106 3811 aut
2136 3750 2511 3811 tenebuntur
2542 3752 2939 3825 solucionem,
2989 3759 3051 3810 et
3080 3751 3335 3812 tandem

772 3866 939 3925 tacta
985 3863 1122 3942 ipsa
1169 3862 1486 3923 solucione
1534 3859 1697 3920 dicte
1744 3858 1906 3939 parti
1970 3860 2253 3931 adverse,
2318 3857 2489 3937 ipsas
2552 3867 2754 3918 metas
2800 3877 2925 3917 non
2971 3857 3228 3918 violanti
3274 3865 3336 3917 et

776 3971 1153 4045 observanti,
1199 3989 1315 4030 nos
1365 3976 1472 4029 aut
1532 3967 1650 4046 ipsi
1712 3985 2111 4027 successores
2177 3965 2373 4025 nostri
2440 3964 2679 4044 prefati,
2728 3965 3016 4025 videlicet
3076 3965 3333 4025 comites

778 4079 924 4140 dicti
972 4077 1200 4157 Campi
1260 4075 1706 4156 Zagrabiensis
1767 4094 1880 4153 pro
1941 4083 2243 4153 tempore,
2290 4081 2359 4133 ut
2421 4073 2770 4151 predictum
2832 4081 2944 4148 est,
3000 4073 3332 4147 constituti,

776 4187 956 4247 nobis
1027 4193 1136 4246 aut
1203 4184 1322 4244 sibi
1379 4183 1528 4262 ipsis
1593 4201 1707 4261 pro
1774 4181 2039 4242 residuis
2104 4181 2558 4262 quinquaginta
2618 4181 2846 4241 marcis
2921 4181 3333 4254 denariorum,

777 4296 856 4355 de
905 4293 1188 4374 predicta
1233 4291 1512 4352 similiter
1558 4297 1736 4369 parte
1785 4290 2044 4349 easdem
2091 4297 2293 4349 metas
2338 4289 2611 4349 violante
2659 4297 2722 4348 et
2767 4307 2893 4348 non
2939 4288 3334 4362 observante,

773 4402 1054 4463 similiter
1100 4399 1443 4480 poterimus
1492 4406 1554 4459 et
1601 4397 1968 4458 debebimus
2015 4417 2129 4458 seu
2175 4397 2445 4477 poterint
2494 4404 2603 4457 aut
2648 4397 2967 4457 debebunt
3010 4396 3335 4456 iudiciaria

772 4507 1142 4569 auctoritate
1207 4506 1542 4581 mediante,
1589 4513 1652 4564 et
1700 4504 2199 4565 contradiccione
2249 4504 2665 4584 quorumlibet
2722 4523 2849 4564 non
2894 4504 3201 4579 obstante,
3254 4504 3334 4564 ad

776 4635 966 4696 quam
1013 4615 1266 4694 quidem
1312 4612 1772 4694 obligacionem
1819 4612 2245 4692 supradictam
2290 4613 2529 4691 prefate
2576 4612 2761 4672 ambe
2807 4620 3037 4691 parteS,
3083 4613 3149 4671 in
3192 4630 3332 4691 per-

775 4721 946 4784 sonis
993 4741 1260 4801 quorum
1308 4740 1516 4800 supra,
1563 4740 1633 4781 se
1681 4728 2031 4799 spontanea
2076 4739 2295 4780 earum
2341 4739 2553 4780 coram
2599 4719 2779 4779 nobis
2826 4719 3183 4800 obligarunt
3224 4737 3331 4778 vo-

775 4832 1031 4904 luntate,
1073 4829 1294 4908 vigore
1328 4836 1391 4889 et
1421 4827 1774 4889 testimonio
1806 4847 1883 4887 ac
1911 4826 2203 4888 firmitate
2250 4821 2561 4904 parcium²
2607 4834 2963 4887 nostrarum
2989 4827 3333 4887 litterarum

773 4938 1105 4998 mediante.
1168 4938 1238 4996 In
1300 4937 1476 4996 cuius
1537 4936 1628 4996 rei
1690 4935 2057 4995 memoriam
2120 4943 2307 5014 atque
2369 4934 2790 4993 testimonium
2851 4934 3331 5012 firmitatemque
