3917 5592
777 440 910 504 420

997 649 1279 719 originale
1331 651 1708 718 chartaceum,
1747 665 1782 702 a
1819 653 1974 729 tergo
2015 650 2266 718 appressi
2307 649 2473 720 sigilli
2519 649 2834 718 vestigium.
2886 649 3049 718 Apud
3088 649 3336 704 nobilem

780 739 1029 794 Marcum
1068 740 1324 794 Arbanas
1362 737 1422 792 in
1459 739 1620 793 Infer.
1660 737 1931 793 Lomnica
1968 737 2071 792 No.
2108 738 2195 793 29.

995 899 1012 929 ¹
1049 899 1131 954 sic
1169 899 1436 970 (vocato).

1953 1186 2165 1257 ³41.

993 1402 1178 1463 Anno
1235 1399 1418 1462 1463.
1468 1401 1570 1461 21.
1619 1401 1838 1463 martii.
1885 1401 2258 1482 Zagrabiae.

781 1611 996 1677 Ianko
1055 1612 1138 1676 de
1201 1611 1632 1697 Mykchowch
1698 1633 1920 1677 comes
1987 1612 2237 1696 Campi
2298 1612 2797 1698 Zagrabiensis
2857 1635 2939 1678 ac
2996 1613 3339 1678 Iohannes

780 1717 1085 1803 Iagnych
1131 1717 1212 1784 de
1259 1718 1496 1804 Super.
1563 1719 1959 1797 Lukawecz,
2020 1740 2241 1785 comes
2288 1722 2447 1784 terr.
2494 1719 2802 1784 eiusdem
2872 1721 3137 1806 Campi,
3199 1724 3337 1786 sta-

780 1827 1120 1892 tutionem
1184 1826 1470 1892 Vrsulae
1502 1826 1707 1912 filiae
1762 1827 1962 1892 Petri
2010 1826 2243 1913 Sugoz
2288 1827 2371 1892 de
2418 1827 2629 1913 Infer.
2692 1827 3133 1913 Lompnycza
3178 1849 3337 1892 cum

775 1933 938 2019 filio
983 1934 1315 2012 eiusdem,
1365 1937 1444 2000 in
1483 1935 1990 2020 possessionem
2052 1935 2424 2000 cuiusdam
2474 1938 2701 2000 terrae
2745 1939 2811 2001 et
2839 1935 3158 2022 foeniliS,
3220 1957 3337 2001 no-

1910 2042 2203 2128 tificant.

994 2262 1129 2320 Nos
1175 2261 1370 2321 Ianko
1417 2261 1496 2320 de
1543 2261 1962 2337 Mykchowch
2028 2281 2241 2322 comes
2306 2261 2533 2341 Campi
2595 2261 3041 2342 Zagrabiensis
3106 2280 3180 2322 ac
3242 2263 3335 2321 Io-

773 2369 1028 2436 hannes
1074 2368 1236 2428 filius
1283 2369 1551 2428 condam
1596 2367 1919 2428 Benedicti
1977 2368 2256 2449 lagnych
2304 2367 2449 2429 dicti
2495 2369 2574 2429 de
2620 2369 2937 2448 Superiori
2982 2369 3336 2429 Lukawecz

781 2495 995 2537 comes
1042 2475 1353 2536 terrestris
1401 2475 1681 2535 eiusdem
1729 2475 1957 2554 Campi
2019 2475 2316 2536 memorie
2377 2476 2889 2536 commendamus
2933 2484 3150 2537 tenore
3196 2495 3335 2556 pre-

779 2583 1060 2644 sencium
1107 2582 1534 2663 significantes
1582 2582 1806 2661 quibus
1871 2582 2122 2662 expedit
2166 2582 2490 2657 universiS,
2552 2584 2719 2662 quod
2768 2603 2911 2643 cum
2956 2602 3071 2643 nos
3120 2583 3201 2643 ad
3246 2583 3335 2642 in-

782 2697 1052 2751 stantem
1097 2689 1471 2768 peticionem
1517 2689 1738 2749 nobilis
1788 2688 2037 2749 domine
2102 2690 2328 2750 Vrsule
2374 2685 2531 2750 filia¹
2578 2691 2845 2751 condam
2891 2691 3061 2750 Petri
3122 2691 3335 2770 Sugoz

780 2800 859 2859 de
906 2797 1184 2858 Inferiori
1229 2799 1691 2876 Lomppnycza,
1741 2806 1803 2857 et
1847 2797 2117 2857 Emerici
2163 2796 2270 2857 filii
2317 2786 2585 2858 condam
2631 2798 2908 2858 similiter
2954 2798 3177 2859 nobilis
3224 2800 3331 2859 do-

783 2907 950 2967 mine
995 2905 1280 2966 Elizabet
1323 2904 1450 2964 filia
1496 2904 1719 2983 prefati
1764 2905 1932 2965 Petri
1964 2905 2177 2985 Sugoz
2229 2905 2435 2966 vocati
2482 2906 2560 2966 de
2609 2906 2833 2966 eadem
2864 2907 3333 2986 Lomppnycza,

783 3012 963 3074 nobis
1033 3032 1223 3092 super
1267 3013 1433 3072 facto
1496 3012 1888 3090 infrascripto
1949 3012 2067 3072 iuri
2108 3031 2382 3073 consone
2429 3021 2797 3092 porrectam,
2860 3013 3099 3074 nobiles
3161 3014 3330 3074 viros

777 3121 1194 3182 Benedictum
1239 3119 1432 3180 filium
1477 3120 1647 3180 Petri
1711 3121 2065 3180 Zemschak
2112 3120 2344 3180 dictum
2393 3121 2472 3181 de
2518 3121 2753 3196 Mlaka,
2819 3130 2882 3182 et
2943 3121 3331 3200 Demetrium

779 3229 969 3290 filium
1018 3229 1260 3289 Thorne
1308 3227 1387 3287 de
1432 3227 1712 3306 predicta
1770 3227 2148 3302 Lukawech,
2194 3227 2563 3309 iobagiones
2614 3228 2903 3290 videlicet
2967 3237 3216 3289 nostros
3262 3229 3330 3290 fi-

779 3337 1103 3416 dedignOS,
1151 3336 1230 3396 de
1279 3337 1430 3396 sede
1476 3342 1690 3396 nostra
1735 3335 2059 3396 iudiciaria
2104 3335 2286 3395 solita
2349 3335 2799 3416 Zagrabyensi,
2847 3336 3003 3398 feria
3051 3338 3330 3398 secunda

778 3443 1062 3524 proxima
1108 3451 1252 3503 ante
1297 3443 1524 3503 festum
1589 3443 1757 3504 beati
1819 3443 2110 3532 Gregorii
2166 3462 2347 3522 pape,
2411 3452 2557 3503 tunc
2605 3444 2883 3523 proxime
2944 3445 3326 3523 preteritum,

783 3553 864 3612 ad
912 3550 1365 3629 infrascriptam
1412 3545 2005 3630 possessionariam²
2064 3551 2418 3612 faciendam
2478 3551 2755 3632 legitime
2819 3552 3327 3626 destinassemuS,

778 3660 1036 3719 tandem
1082 3655 1282 3718 idem³
1328 3659 1697 3739 iobagiones
1759 3659 1954 3719 nostri
1999 3659 2300 3739 fidedigni
2346 3659 2409 3718 in
2456 3659 2782 3738 quindenis
2844 3660 3120 3738 predicte
3180 3659 3332 3721 ferie

781 3767 1055 3827 secunde
1103 3766 1327 3828 exinde
1375 3768 1456 3827 ad
1501 3786 1616 3826 nos
1683 3767 1919 3827 reversi
1968 3776 2030 3827 et
2076 3787 2189 3846 per
2234 3786 2349 3827 nos
2398 3766 2727 3847 diligenter
2789 3767 3083 3847 requisiti,
3152 3766 3333 3828 nobis

780 3872 1168 3933 uniformiter
1213 3874 1555 3934 retulerunt
1602 3894 1677 3934 eo
1710 3875 1918 3948 mod0‚
1966 3882 2034 3934 ut
2078 3875 2196 3953 ipsi
2230 3875 2387 3935 teria
2418 3883 2596 3934 sexta
2626 3875 2909 3953 proxima
2955 3883 3098 3955 post
3127 3875 3333 3954 ipsum

778 3981 1007 4041 festum
1053 3975 1252 4041 beati⁴
1297 4000 1482 4060 pape,
1551 3990 1613 4043 et
1659 3981 1793 4042 aliis
1863 3983 2086 4043 diebus
2136 3983 2215 4042 ad
2262 3983 2326 4043 id
2374 3983 2533 4062 aptis
2597 3990 2659 4042 et
2720 3982 3185 4058 sufficientibuS,
3254 3983 3335 4044 ad

776 4088 974 4149 facies
1024 4088 1349 4148 cuiusdam
1394 4089 1696 4168 particule
1740 4098 1906 4151 terre
1970 4099 2237 4171 purgate
2287 4092 2368 4151 ad
2412 4091 2787 4170 plantandas
2838 4090 2992 4150 vites
3042 4099 3203 4168 apte,
3252 4091 3333 4150 ad

778 4205 906 4256 tres
939 4196 1358 4257 dimensiones
1403 4199 1574 4278 wlgo
1620 4200 1834 4275 methy
1869 4199 2067 4259 dictas
2116 4199 2177 4258 in
2225 4218 2294 4259 se
2342 4199 2665 4259 continens
2713 4207 2776 4258 et
2822 4217 2892 4259 se
2940 4199 3283 4259 extendens
3294 4193 3330 4272 ⁵,

780 4303 843 4362 in
892 4304 1290 4381 possessione
1338 4305 1400 4364 in
1446 4305 1726 4384 predicta
1771 4306 2049 4366 Inferiori
2112 4307 2557 4385 Lomppnycza
2601 4305 2830 4379 habite,
2877 4305 3052 4365 cuius
3102 4305 3335 4366 scilicet

781 4418 944 4470 terre
1010 4419 1155 4489 apte
1215 4411 1450 4472 Vrbani
1509 4411 1926 4489 Zteinzchych
1977 4423 2071 4473 est
2119 4412 2303 4473 vinea
2350 4421 2413 4473 et
2458 4413 2618 4473 inter
2679 4413 2866 4473 aliam
2910 4412 3161 4472 vineam
3207 4414 3331 4473 Va-

780 4517 994 4580 lentini
1043 4527 1105 4579 et
1148 4519 1448 4599 Stephani
1496 4519 1761 4580 filiorum
1806 4520 2099 4580 Vrbanaz
2163 4521 2309 4580 dicti
2356 4522 2435 4581 de
2482 4520 2705 4580 eadem
2751 4522 3211 4599 Lomppnycza‚
3258 4539 3334 4580 ac

781 4646 973 4686 unum
1019 4626 1202 4686 fenile
1249 4627 1312 4686 in
1360 4627 1677 4686 Dobrawa
1727 4627 1804 4686 ad
1856 4628 2013 4687 duos
2045 4623 2410 4688 falkastros⁶
2455 4647 2523 4687 se
2572 4629 2930 4702 extendenS,
2977 4646 3173 4706 penes
3217 4629 3331 4688 flu-

781 4733 952 4794 vium
998 4733 1342 4794 Zeminnak
1394 4753 1431 4793 a
1477 4743 1653 4812 parte
1691 4733 2096 4808 meridionali,
2142 4735 2204 4794 in
2254 4736 2547 4813 porcione
2582 4735 2869 4795 videlicet
2914 4734 3136 4812 prefati
3166 4735 3334 4794 Petri

778 4842 1010 4920 Sugoz,
1060 4842 1274 4900 vicinis
1324 4850 1387 4901 et
1432 4842 1878 4901 commetaneis
1927 4843 2268 4902 earundem
2318 4843 2622 4903 universis
2670 4842 2818 4903 inibi
2864 4842 3139 4922 legitime
3187 4862 3331 4902 con-

780 4949 1020 5008 vocatis
1054 4956 1117 5008 et
1145 4948 1540 5027 presentibus
1574 4957 1991 5024 accesserunt,
2040 4959 2102 5008 et
2149 4951 2413 5010 eandem
2453 4951 2821 5028 particulam
2855 4958 3016 5009 terre
3064 4957 3331 5031 purgate
