3917 5592
3037 470 3121 531 93

563 683 703 743 inde
774 684 899 744 exit
948 685 1029 745 ad
1086 684 1253 744 viam
1306 685 1655 767 Iamnicha·
1688 692 1995 760 vocatam,
2046 694 2108 745 et
2153 705 2265 763 per
2335 687 2602 745 eandem
2667 686 2833 746 viam
2907 705 3126 745 versus

564 790 867 851 orientem
930 792 1011 851 ad
1077 792 1365 852 arborem
1412 794 1519 867 tul,
1588 812 1709 871 que
1758 801 1853 853 est
1914 791 1978 851 in
2025 791 2289 870 planicie
2381 800 2550 853 meta
2617 802 2822 853 terrea
2869 794 3125 853 circum-

566 898 786 973 fusam,
859 900 939 959 ab
1004 899 1149 960 hinc
1217 920 1332 979 per
1394 919 1659 979 paruam
1720 901 1948 961 vallem
2018 898 2206 959 intrat
2250 900 2312 959 in
2361 900 2674 982 quendam
2743 900 3008 960 riuulum
3069 907 3130 959 et

562 1006 783 1065 transit
830 1006 1099 1067 eundem
1147 1015 1212 1067 et
1257 1006 1539 1067 ascendit
1584 1027 1699 1087 per
1744 1008 1989 1082 vallem,
2021 1007 2194 1067 venit
2239 1009 2318 1067 ad
2365 1008 2532 1067 viam
2582 1007 2816 1067 Gorzki
2861 1015 2970 1086 pot
3015 1026 3124 1066 vo-

564 1122 786 1188 catum,
836 1124 899 1174 et
942 1114 1026 1175 ibi
1074 1124 1172 1175 est
1208 1123 1379 1175 meta
1423 1124 1631 1177 terrea
1677 1125 1739 1176 et
1784 1114 1869 1175 ibi
1900 1124 2312 1176 commetatur
2359 1135 2471 1176 seu
2521 1114 2915 1195 coniungitur
2962 1125 3124 1175 terre

564 1224 931 1283 Krauarzka
977 1230 1041 1283 et
1110 1224 1201 1283 sic
1271 1224 1697 1299 terminantur,
1775 1232 1839 1283 et
1883 1223 1973 1283 sic
2023 1224 2201 1284 dictis
2271 1224 2877 1284 reambulacionibus
2946 1223 3126 1284 factis

563 1349 779 1390 cursus
826 1331 1089 1391 metales
1138 1332 1219 1391 ad
1265 1332 1569 1391 orientem
1638 1333 2044 1412 generacioni
2092 1333 2170 1392 de
2219 1333 2599 1409 Lomnycha,
2665 1352 2704 1392 a
2747 1341 2926 1411 parte
2973 1352 3124 1392 vero

564 1438 929 1498 occidentali
974 1439 1380 1519 generacioni
1421 1440 1680 1501 Wlkota
1726 1441 2140 1521 distingerent
2171 1448 2234 1499 et
2265 1447 2645 1519 separarent.
2695 1440 2928 1499 Datum
2971 1438 3128 1499 feria

562 1546 755 1606 tercia
798 1545 1084 1625 proxima
1127 1554 1273 1624 post
1318 1545 1695 1608 dominicam
1742 1548 1953 1623 letare,
2003 1566 2167 1607 anno
2216 1546 2448 1607 domini
2494 1540 2833 1607 M⁰.CCC⁰.
2875 1555 3123 1626 septua-

562 1651 803 1731 gesimo
850 1652 1060 1712 tercio.

774 1788 1057 1861 originale
1097 1794 1539 1849 membraneum.
1616 1796 1665 1849 A
1703 1811 1849 1849 zona
1888 1795 2103 1851 sericea
2152 1795 2351 1849 viridis
2391 1799 2446 1881 et
2483 1795 2615 1849 ssavi
2665 1795 2872 1850 eoloris
2917 1796 3126 1866 pendet

562 1880 813 1936 attritum
849 1880 1111 1953 sigillum.
1150 1883 1210 1937 In
1250 1882 1392 1939 cista
1428 1884 1852 1941 communitatis
1892 1885 2168 1943 nobilium
2210 1885 2278 1941 de
2317 1885 2416 1939 Ins.
2455 1884 2745 1943 Lomnica.

1760 2223 1910 2297 00·-

772 2425 958 2485 Anno
1016 2422 1197 2484 1374.
1249 2422 1350 2486 25.
1398 2424 1709 2486 februarii.

566 2636 817 2703 Coram
866 2640 1169 2724 capitulo
1216 2640 1489 2705 ecclesie
1534 2640 1678 2725 Zag
1687 2639 2054 2718 rabiensis,
2102 2640 2375 2718 Petrus,
2441 2638 2830 2727 Gregorius
2874 2646 2940 2706 et
2989 2642 3119 2706 La-

559 2745 832 2811 dislaus
880 2746 1039 2831 filii
1098 2746 1381 2812 Nicolai
1444 2747 1526 2813 de
1570 2731 1846 2813 Minori
1916 2746 2159 2825 Mlaka,
2207 2751 2466 2813 terram
2516 2769 2722 2813 suam
2769 2748 3115 2834 Malykoz-

560 2852 987 2937 tlzanyewecz
1047 2874 1171 2919 seu
1217 2853 1521 2939 Nowaky
1586 2858 1919 2933 vocatam,
1966 2856 2393 2920 nominatim
2439 2858 2783 2940 expressis
2831 2859 2911 2921 in
2958 2858 3114 2941 ipsa

560 2962 747 3027 terra
792 2954 1256 3027 residentibus
1300 2962 1720 3039 hominibuS,
1771 2962 1899 3027 sub
1944 2964 2155 3028 certis
2201 2963 2717 3029 conditionibus
2762 2968 2826 3029 et
2871 2965 3112 3030 soluti-

1534 3069 1803 3149 omhm,
1851 3071 2128 3135 donant.

771 3288 1129 3367 Capitulum
1192 3290 1453 3350 ecclesie
1516 3290 1958 3369 Zagrabiensis
2023 3290 2310 3349 omnibus
2359 3289 2591 3350 Christi
2638 3291 2924 3367 fidelibus
2971 3312 3108 3371 pre-

550 3415 691 3455 sens
741 3395 1039 3474 scriptum
1083 3396 1456 3474 inspecturis
1505 3398 1771 3456 salutem
1819 3397 1879 3456 in
1928 3417 2022 3471 e0,
2071 3398 2176 3477 qui
2225 3406 2320 3458 est
2366 3417 2519 3458 vera
2567 3399 2736 3459 salus
2784 3399 2942 3459 dans
2976 3398 3109 3478 qui-

550 3512 713 3563 etem
773 3504 1059 3573 omnibus
1126 3514 1188 3565 et
1254 3505 1533 3564 salutem.
1626 3505 1901 3567 Prouida
1955 3506 2340 3565 discrecione
2390 3514 2704 3583 repertum
2753 3514 2868 3581 est,
2916 3514 2984 3565 vt
3031 3526 3108 3567 ea

548 3630 665 3690 que
714 3612 775 3671 in
823 3620 1103 3691 tempore
1152 3621 1439 3692 aguntur,
1491 3633 1569 3673 ne
1618 3633 1804 3673 cursu
1851 3622 2203 3692 temporum
2251 3615 2579 3675 elabantur
2625 3614 2758 3675 sine
2806 3623 3107 3693 tempore,

544 3718 887 3780 litterarum
932 3720 1284 3780 testimonio
1334 3722 1534 3780 solent
1581 3722 2022 3782 commendari.
2072 3722 2341 3783 Proinde
2391 3724 2472 3782 ad
2508 3722 2940 3784 vniuersorum
2973 3732 3104 3783 tam

544 3828 937 3904 presencium
985 3846 1175 3907 quam
1218 3828 1567 3887 futurorum
1613 3829 1907 3889 noticiam
1954 3830 2178 3889 harum
2225 3830 2385 3890 serie
2433 3832 2722 3890 volumus
2754 3831 3102 3909 peruenire,

544 3936 710 4012 quod
774 3935 1016 4015 egregii
1077 3936 1318 4010 PetruS,
1378 3936 1723 4016 Gregorius
1788 3945 1851 3997 et
1909 3938 2240 3997 Ladislaus
2288 3937 2395 3997 filii
2464 3937 2706 3997 Nicolai
2752 3938 2830 3998 de
2877 3938 3108 3999 Minori

542 4043 773 4117 Mlaka,
806 4062 965 4102 onus
1014 4053 1076 4103 et
1121 4063 1470 4124 grauamen
1516 4044 1757 4104 Nicolai
1810 4044 2014 4104 fratris
2063 4044 2339 4122 ipsorum
2386 4044 2642 4105 iunioris
2692 4046 2975 4121 carnaIiS,
3025 4066 3100 4107 ac

544 4151 979 4211 vniuersorum
1040 4153 1341 4211 heredum
1405 4160 1467 4211 et
1525 4160 1919 4230 posterorum
1983 4171 2237 4212 suorum
2296 4152 2357 4212 in
2405 4172 2474 4212 se
2523 4154 2692 4232 ipsos
2738 4174 2852 4232 per
2898 4154 3108 4214 omnia

545 4260 1048 4337 assumpmendO,
1096 4267 1373 4318 nostram
1421 4260 1832 4337 personaliter
1863 4260 2187 4320 venientes
2221 4261 2282 4320 in
2323 4261 2732 4340 presenciam,
2766 4260 3106 4321 ministerio

544 4366 683 4426 viue
732 4366 907 4426 vocis
952 4365 1229 4444 ipsorum
1276 4366 1563 4426 dixerunt
1611 4374 1673 4426 et
1719 4367 1988 4427 confessi
2021 4376 2164 4426 sunt
2209 4368 2274 4427 in
2320 4369 2486 4428 hunc
2525 4369 2811 4428 modum:
2843 4368 3106 4448 qualiter

539 4474 653 4552 ipsi
700 4475 1020 4554 quandam
1064 4482 1296 4534 terram
1343 4494 1456 4535 seu
1502 4476 1970 4553 possessionem
2017 4470 2234 4535 eorum
2281 4476 2723 4537 hereditariam
2771 4478 3094 4554 Malykoz-

538 4583 947 4659 thanyewecz
996 4565 1172 4642 aliter
1217 4582 1508 4659 Nowaky
1556 4592 1845 4643 vocatam
1912 4582 1977 4642 in
2025 4583 2321 4643 comitatu
2367 4584 2781 4664 Zagrabiensi
2829 4586 3096 4664 existen-

536 4694 662 4747 tem
709 4688 1007 4763 habitam,
1052 4708 1214 4767 pene
1248 4689 1578 4763 desertam,
1628 4688 1809 4750 metis
1840 4690 2248 4769 infrascriptis
2284 4692 2698 4767 interclusam,
2733 4692 2848 4751 sub
2882 4712 3092 4767 censu,

535 4796 910 4869 muneribus,
982 4796 1400 4857 solucionibus
1473 4805 1535 4857 et
1604 4797 2070 4857 condicionibus
2145 4799 2526 4877 subscriptis,
2593 4820 2736 4860 cum
2804 4802 3093 4862 omnibus

534 4904 725 4981 ipsius
772 4912 939 4964 terre
987 4924 1100 4964 seu
1145 4904 1560 4982 possessionis
1608 4904 1990 4979 vtilitatibus,
2038 4904 2292 4981 iuribuS,
2339 4906 2890 4984 fructuositatibuS,
2927 4928 3096 4969 emo-

534 5011 818 5085 lumentis
866 5020 928 5072 et
974 5011 1371 5104 pertinenciis
1420 5012 1809 5105 quibuslibet,
1861 5013 2086 5106 quouis
2133 5015 2400 5085 nominis
2447 5017 2754 5087 vocabulo
2805 5018 3092 5090 vocitatis
