3917 5592
787 421 922 483 404

1959 633 2173 704 331.

1003 870 1190 930 Anno
1245 869 1429 931 1461.
1479 868 1583 930 20.
1633 871 1859 950 apriliS.
1907 870 2277 951 Zagrabiae.

792 1099 1047 1165 Coram
1123 1099 1427 1186 Georg-io
1489 1100 1883 1187 Ztanchych
1944 1101 2027 1166 de
2088 1101 2326 1185 Super.
2402 1099 2805 1177 Lukawech,
2874 1101 3123 1165 comite
3183 1105 3345 1165 terr.

794 1206 1046 1291 Campi
1090 1206 1606 1292 ZagrabiensiS,
1670 1207 1993 1272 Andreas
2040 1206 2250 1292 filius
2310 1207 2509 1272 Petri
2554 1207 2635 1272 de
2682 1207 2918 1272 Mlaka
2978 1227 3135 1270 cum
3186 1206 3350 1291 filio

786 1335 934 1395 δυο,
984 1318 1247 1382 terram
1293 1313 1989 1401 Podmlaclmycham,
2036 1335 2280 1381 novem
2314 1314 2621 1402 florenis
2652 1315 2875 1380 Paulo
2909 1314 3071 1400 filio
3118 1315 3352 1380 Blasii

1735 1421 1817 1490 de
1862 1423 2115 1502 eadem,
2146 1423 2401 1488 vendit.

1004 1662 1140 1721 Nos
1187 1659 1502 1741 Georgius
1549 1660 1710 1720 filius
1774 1660 2045 1721 condam
2106 1659 2431 1720 Benedicti
2493 1660 2856 1736 Ztanchych
2904 1661 2982 1719 de
3029 1659 3349 1738 Superiori

788 1769 1152 1829 Lukawech
1199 1787 1412 1828 comes
1457 1767 1768 1827 terrestris
1816 1766 2045 1846 Campi
2091 1766 2538 1846 Zagrabiensis
2602 1767 2901 1827 memorie
2949 1767 3345 1827 commenda·

789 1895 930 1934 mus
975 1883 1191 1935 tenore
1237 1873 1632 1954 presencium
1695 1873 2124 1954 significantes
2188 1872 2412 1953 quibus
2474 1874 2725 1951 expedit
2786 1873 3111 1948 universis
3175 1875 3346 1952 quod

792 1981 1082 2042 Andreas
1129 1981 1290 2042 filius
1353 1981 1621 2042 condam
1666 1981 1837 2041 Petri
1898 1981 1978 2042 de
2042 1981 2273 2055 Mlaka,
2322 1989 2385 2041 et
2444 1980 2796 2040 Anthonius
2842 1979 3005 2040 filius
3068 1980 3349 2041 eiusdem

799 2089 1054 2148 Andree
1102 2089 1180 2149 de
1229 2089 1454 2149 eadem
1500 2089 1734 2163 Mlaka,
1783 2088 1864 2148 ad
1910 2095 2190 2148 nostram
2252 2088 2663 2167 personaliter
2724 2088 3032 2149 veniendo
3095 2108 3346 2167 presen-

795 2197 974 2270 ciam,
1007 2195 1296 2256 dixerunt
1341 2204 1405 2257 et
1449 2195 1720 2256 confessi
1752 2204 1897 2257 sunt
1941 2196 2005 2256 in
2050 2197 2217 2256 hunc
2248 2195 2521 2270 modurn,
2570 2204 2637 2255 ut
2682 2195 2801 2276 ipsi
2830 2215 2944 2276 pro
2975 2195 3349 2276 quibusdam

793 2303 1272 2364 necessitatibus
1304 2305 1646 2364 eorundem
1691 2304 1862 2383 ipsos
1911 2305 1994 2364 ad
2039 2323 2300 2382 presens
2332 2303 2717 2384 urgentibus,
2764 2305 3083 2384 quandam
3129 2323 3345 2365 eorum

801 2419 1034 2472 terram
1081 2411 1380 2471 arabilem
1427 2410 1490 2470 in
1535 2411 1818 2488 predicta
1861 2411 2077 2471 Mlaka
2127 2419 2190 2471 et
2236 2411 2369 2472 eius
2402 2410 2707 2472 territorio
2754 2411 3048 2487 habitam,
3094 2413 3345 2472 nomine

794 2518 1344 2596 Podmlachnycha
1390 2526 1616 2578 vocata
1628 2513 1663 2593 ¹,
1711 2537 1906 2597 penes
1953 2519 2234 2578 Mlakam
2281 2518 2449 2597 wlgo
2498 2519 2745 2594 dictam,
2790 2519 3025 2580 Zeleka
3057 2527 3343 2580 vocatam

799 2627 878 2688 ab
928 2626 1200 2701 australi,
1249 2635 1311 2687 et
1357 2627 1516 2686 inter
1561 2634 1792 2687 terram
1826 2626 2106 2687 similiter
2153 2627 2452 2687 arabilem
2482 2626 2706 2706 prefati
2732 2627 3003 2701 Andree,
3049 2629 3348 2688 Kusacha

797 2742 1042 2808 vocata,
1106 2734 1185 2794 ab
1248 2733 1634 2809 occidentali,
1681 2741 1744 2794 et
1789 2732 1949 2794 inter
2009 2742 2241 2795 terram
2305 2734 2605 2794 arabilem
2664 2735 2843 2795 Pauli
2904 2734 3010 2795 filii
3070 2735 3263 2796 Blasii
3310 2754 3347 2796 a

798 2841 1204 2917 meridionali,
1267 2850 1330 2902 et
1373 2841 1534 2902 inter
1593 2849 1827 2903 terram
1886 2841 2131 2902 Nicolai
2192 2842 2300 2902 filii
2360 2844 2629 2903 condam
2692 2843 2941 2904 domine
3002 2843 3345 2904 Katherine

790 2959 1014 3011 vocate
1061 2951 1140 3011 de
1172 2949 1452 3029 predicta
1483 2951 1698 3011 Mlaka
1747 2951 1824 3010 ab
1873 2950 2245 3011 occidentali
2276 2951 2477 3026 sitam,
2524 2952 2803 3012 habitam
2850 2960 2912 3012 et
2958 2953 3343 3026 existentem,

797 3061 1002 3139 ipsum
1049 3053 1276 3119 silicet²
1320 3059 1641 3119 Andream
1689 3067 1753 3119 et
1797 3059 2183 3119 Anthonium
2230 3059 2363 3120 iure
2409 3059 2762 3134 nobilitatis,
2808 3059 3198 3135 hereditarie,
3226 3060 3341 3121 rite

794 3175 857 3227 et
901 3166 1180 3246 legitime
1225 3173 1724 3241 concernentem‚
1789 3165 1973 3227 simul
2020 3186 2159 3226 cum
2210 3166 2497 3227 omnibus
2562 3167 2845 3228 eiusdem
2888 3176 3053 3228 terre
3114 3167 3339 3228 utilita-

789 3273 974 3348 tibus,
1043 3272 1278 3349 usibuS,
1339 3272 1762 3352 proventibus,
1807 3273 2341 3335 fructuositatibus
2405 3282 2469 3335 et
2528 3274 2924 3354 pertinenciis
2988 3269 3341 3351 universis⁸‚

792 3363 1035 3461 prefato
1081 3381 1279 3441 Paulo
1325 3380 1451 3456 filio
1497 3380 1692 3460 ipsius
1760 3381 1954 3442 Blasii
2026 3382 2103 3442 de
2174 3382 2398 3442 eadem
2462 3382 2694 3457 Mlaka,
2752 3383 3187 3464 ipsorumque4
3232 3385 3339 3444 he·

789 3489 1043 3550 redibus
1107 3498 1170 3550 et
1229 3489 1712 3569 posteritatibus,
1773 3509 1888 3569 pro
1934 3509 2163 3550 novem
2216 3489 2468 3550 florenis
2502 3491 2636 3550 auri
2684 3500 2746 3552 et
2790 3491 2938 3552 boni
2983 3492 3127 3552 iusti
3190 3511 3341 3571 pon·

791 3596 976 3672 deriS,
1025 3597 1103 3656 ab
1168 3598 1391 3657 eodem
1452 3598 1650 3658 Paulo
1697 3616 1811 3676 per
1858 3597 2074 3671 dictos,
2137 3597 2371 3658 scilicet
2431 3598 2753 3658 Andream
2816 3607 2879 3659 et
2938 3599 3341 3674 Anthonium,

790 3705 878 3765 uti
925 3705 1092 3766 idem
1153 3705 1334 3766 nobis
1397 3706 1773 3781 retullerunt,
1822 3705 1948 3765 iam
1994 3705 2177 3784 plene
2226 3705 2452 3766 habitis
2516 3714 2579 3767 et
2640 3707 2907 3787 receptis
2968 3708 3342 3781 vendidisse,

789 3813 1121 3873 tradidisse
1185 3821 1248 3874 et
1309 3813 1690 3894 assignasse,
1753 3833 1966 3890 ymmo
2026 3814 2456 3889 vendiderunt,
2518 3815 2905 3876 tradiderunt
2952 3823 3014 3876 et
3060 3816 3344 3896 assigna-

789 3928 1014 3982 verunt
1061 3940 1272 3983 coram
1335 3921 1516 3982 nobis
1561 3921 1695 3981 iure
1740 3928 2046 4000 perpetuo
2094 3930 2157 3982 et
2200 3922 2686 3984 irrevocabiliter
2748 3923 3209 4002 possidendam,
3255 3933 3347 3986 te·
3423 3999 3435 4010 ·

789 4029 1064 4090 nendam
1095 4029 1452 4108 pariterque
1499 4036 1563 4088 et
1608 4028 1999 4105 habendam3
2048 4038 2521 4109 assumpserunt
2558 4029 2990 4092 nichilominus
3036 4032 3345 4110 prefatum

791 4138 1058 4198 Paulum
1106 4145 1168 4198 et
1213 4157 1364 4198 suos
1427 4137 1692 4197 heredes
1738 4137 1801 4197 in
1849 4135 2124 4197 dominio
2182 4134 2345 4199 dicte
2392 4146 2555 4199 terre
2619 4139 2886 4211 arabilis,
2948 4139 3171 4218 prefati
3216 4140 3344 4200 An-

788 4245 974 4306 dreas
1021 4252 1084 4306 et
1128 4243 1481 4306 Anthonius
1529 4251 1748 4305 contra
1794 4243 2051 4323 quosvis
2096 4244 2451 4326 illegitimos
2495 4245 2878 4325 impetitores
2927 4243 3167 4327 adque⁵
3211 4266 3341 4307 mo-

789 4354 1119 4413 lestatores
1164 4351 1344 4427 tueri,
1388 4361 1740 4432 protegere,
1786 4351 2050 4430 sumptis
2098 4353 2441 4414 eorundem
2500 4353 2765 4433 propriis
2826 4353 3141 4414 laboribus
3188 4353 3345 4414 tueri

793 4467 856 4520 et
888 4460 1224 4520 defendere
1274 4479 1348 4520 ac
1393 4467 1744 4539 protegere.
1792 4459 1861 4519 In
1909 4458 2087 4518 cuius
2134 4479 2244 4537 rey
2278 4460 2641 4520 memoriam
2691 4461 2895 4540 adque
2927 4461 3346 4522 testimonium

795 4566 1278 4647 firmitatemque
1324 4575 1712 4646 perpetuam,
1758 4567 2153 4646 presentibus
2201 4567 2404 4648 sigillo
2451 4563 2697 4628 nostro⁶
2762 4569 3219 4630 communitatis
3267 4571 3345 4629 de

797 4693 971 4734 more
1007 4674 1160 4735 alias
1195 4681 1494 4735 consveto
1525 4667 1677 4735 feci⁷
1709 4675 2207 4753 appendendum.
2255 4676 2488 4736 Datum
2518 4675 2849 4756 Zagrabie,
2889 4676 3045 4737 feria
3070 4678 3349 4737 secunda

791 4781 1081 4862 proxima
1129 4791 1272 4842 ante
1334 4782 1564 4842 festum
1610 4781 1780 4843 beati
1826 4781 2089 4862 Georgii
2151 4781 2437 4859 martiris,
2502 4802 2666 4845 anno
2730 4783 2961 4844 domini
3020 4783 3345 4844 millesimo

793 4886 1412 4974 quadringentesimo
1460 4890 1857 4974 sexagesimo
1902 4890 2119 4972 primo,
