3917 5592
3035 488 3119 563 53

562 723 1053 794 perpetuamque
1099 713 1472 789 firmitatem,
1519 713 1776 794 prefatis
1822 714 2130 776 nobilibus
2166 714 2603 795 iobagionibus
2652 718 2835 777 castri
2886 719 3121 797 Zagra-

557 822 787 881 biensis
833 832 1156 899 presentes
1205 824 1628 883 concessimus
1674 824 1886 884 literas
1931 832 2181 883 nostras
2230 824 2669 903 priuilegialeS,
2719 825 3119 903 apposicione

557 930 852 989 autentici
913 929 1098 1009 sigilli
1167 931 1360 990 nostri
1409 930 1750 991 roboratas.
1844 932 2077 991 Datum
2139 930 2469 1011 Zagrabie,
2539 931 2603 991 in
2650 932 2889 991 octauis
2951 932 3119 993 beati

557 1038 724 1113 regis
772 1038 1090 1115 Stephani,
1163 1058 1328 1098 anno
1375 1039 1608 1098 domini
1670 1038 1996 1098 millesimo
2044 1038 2480 1099 trecentesimo
2528 1038 2841 1099 tricesimo
2889 1039 3120 1118 quint0.

769 1176 810 1229 E
833 1179 1188 1245 transumpto
1225 1177 1371 1245 regis
1397 1176 1668 1231 Ludovici
1707 1193 1759 1231 a.
1791 1176 1944 1231 1520.
1974 1177 2058 1231 11.
2087 1176 2243 1243 iunii,
2283 1176 2434 1244 quod
2460 1175 2661 1230 iterum
2703 1179 3116 1247 transumptum

556 1269 642 1319 est
675 1282 776 1334 per
833 1266 1076 1320 eundem
1117 1280 1302 1333 regem
1361 1282 1411 1321 a.
1453 1265 1609 1321 1524.
1666 1266 1715 1320 4.
1757 1267 2085 1321 decembris.
2164 1267 2223 1319 In
2264 1264 2497 1321 archivo
2556 1267 2683 1320 nob.
2729 1282 3013 1322 commun.
3054 1267 3123 1321 de

557 1355 877 1425 Turopolje.

779 1482 789 1509 ¹
829 1482 926 1535 sic.
1005 1483 1022 1511 '⁸
1060 1482 1158 1536 sic.
1238 1483 1256 1511 ³
1295 1482 1390 1536 sic.
1467 1483 1486 1511 ⁴
1528 1482 1624 1537 sic.

1762 1766 1906 1836 53.

769 1968 952 2026 Anno
1009 1964 1194 2026 1342.
1244 1965 1302 2026 9.
1351 1966 1638 2027 octobris
1696 1968 1764 2025 In
1813 1967 2175 2047 vissegrad.

559 2160 939 2225 Lodovicus
984 2159 1406 2243 Hungariae
1450 2163 1568 2227 etc.
1614 2180 1752 2238 rex,
1820 2160 2262 2225 dotmtionem
2312 2158 2564 2223 Karoli
2624 2160 2813 2244 regis
2857 2181 2915 2224 a.
2966 2176 3121 2241 1331.

556 2270 615 2331 6.
651 2266 946 2332 octobris
976 2272 1189 2352 super
1233 2270 1422 2332 terra
1455 2267 1700 2352 Chehy,
1724 2272 1854 2355 pro
1896 2270 2099 2352 parte
2144 2266 2451 2331 Martini
2481 2267 2763 2353 eiusque
2793 2267 3116 2352 fratrum

555 2380 617 2439 et
675 2378 1127 2459 cognatorum
1175 2375 1257 2440 de
1303 2374 1637 2439 Rakonuk
1703 2377 2120 2451 manniam,
2183 2379 2315 2457 pro
2362 2374 2567 2438 Petro
2602 2373 2765 2459 filio
2814 2373 3119 2440 Martini

953 2481 1108 2566 filii
1155 2481 1478 2547 Ladislai
1524 2482 1605 2546 de
1649 2482 1882 2546 eadem
1930 2480 2285 2560 Rakonuk‚
2330 2479 2718 2565 confirmat.

765 2665 898 2723 Nos
973 2664 1329 2725 Lodouicus
1400 2663 1502 2725 dei
1563 2663 1782 2744 gracia
1851 2682 1958 2723 rex
2025 2662 2370 2743 Hungarie,
2440 2670 2656 2722 tenore
2725 2664 3119 2741 presencium

551 2772 982 2853 significamus
1051 2772 1276 2851 quibus
1325 2771 1576 2849 expedit
1631 2770 1940 2830 vniuersis
1988 2770 2287 2831 memorie
2351 2770 2881 2847 commendanteS,
2951 2773 3121 2851 quod

553 2880 773 2940 Petrus
819 2879 982 2939 filius
1029 2878 1283 2938 Martini
1329 2878 1436 2937 filii
1484 2878 1758 2937 Ladislai
1791 2878 1868 2937 de
1900 2879 2210 2937 Rakonuk
2255 2878 2455 2937 fidelis
2503 2886 2732 2953 noster,
2780 2898 2891 2957 pro
2941 2898 3009 2941 se
3058 2887 3122 2940 et

550 3006 664 3065 pro
711 2986 974 3047 Nicolao
1043 2992 1234 3047 tratre
1281 3004 1396 3046 suo
1445 2986 1686 3045 vterino
1741 2986 2168 3065 personaliter,
2233 2985 2383 3045 item
2430 2987 2704 3045 Iohanne
2754 2994 2817 3046 et
2860 2986 3121 3049 Nicolao

553 3096 690 3155 filiis
739 3095 982 3155 Nicolai
1030 3096 1108 3154 de
1157 3095 1381 3154 eadem
1428 3094 1752 3168 Rakonuk,
1818 3113 1892 3153 ac
1939 3094 2200 3153 Nicolao
2250 3102 2312 3154 et
2358 3093 2678 3171 Stephano
2724 3094 2864 3155 filiis
2911 3094 3121 3157 Abree

551 3202 830 3264 similiter
876 3203 955 3263 de
1003 3202 1226 3262 eadem
1273 3202 1584 3261 Rakonuk
1652 3201 1944 3261 fratribus
1994 3201 2122 3261 suis
2170 3200 2570 3279 patruelibuS,
2637 3220 2779 3260 cum
2825 3219 3119 3279 procura-

555 3310 724 3370 toriis
799 3309 991 3370 literis
1057 3308 1377 3389 magnifici
1441 3308 1556 3367 viri
1626 3309 1864 3384 Mykch
1934 3309 2081 3368 bani
2150 3308 2358 3384 tocius¹
2397 3308 2747 3384 Sclauonie,
2807 3308 3013 3369 dilecti
3060 3318 3123 3373 et

555 3418 754 3477 fidelis
819 3416 1031 3491 nostri,
1105 3417 1186 3475 ad
1243 3424 1452 3475 nostre
1523 3416 1875 3476 serenitatis
1932 3416 2292 3476 accedendo
2362 3416 2773 3493 presenciam,
2845 3416 3121 3477 exhibuit

555 3526 734 3585 nobis
799 3526 1108 3605 quasdam
1176 3524 1386 3583 literas
1435 3523 1934 3584 excellentissimi
2005 3523 2299 3603 principis
2370 3524 2602 3584 domini
2668 3524 2900 3598 Karoli,
2974 3525 3115 3585 olim

555 3633 804 3693 illustris
851 3632 1021 3713 regis
1069 3630 1412 3711 Hungarie,
1461 3631 1762 3711 genitoris
1809 3631 2005 3691 nostri
2052 3631 2355 3691 carissimi
2419 3632 2749 3691 recolende
2796 3632 3111 3707 memorie,

553 3749 858 3819 patenteS,
890 3741 1057 3799 hunc
1090 3746 1372 3799 tenorem
1401 3740 1821 3798 continentes:
1860 3740 1939 3815 (V
1960 3740 1981 3797 i
2001 3740 2093 3799 de
2142 3740 2306 3799 doc.
2337 3759 2390 3798 a.
2436 3736 2619 3801 1331.
2652 3737 2711 3799 6.
2745 3759 2782 3799 o
2804 3740 2978 3800 ctob
2998 3740 3117 3801 ris

554 3850 692 3909 sub
761 3850 878 3907 No.
928 3843 1073 3923 45.).
1165 3848 1396 3907 Petens
1442 3847 1611 3907 idem
1677 3847 1901 3907 Petrus
1949 3848 2111 3907 filius
2173 3848 2426 3908 Martini
2474 3866 2605 3921 suo,
2654 3847 2803 3907 item
2871 3846 3115 3907 Nicolai

555 3955 757 4015 fratris
805 3954 902 4014 sui
947 3953 1188 4028 vterini,
1235 3954 1528 4013 Iohannis
1576 3961 1639 4013 et
1685 3953 1927 4014 Nicolai
1973 3955 2241 4013 filiorum
2288 3954 2531 4014 Nicolai
2578 3972 2822 4015 necnon
2868 3954 3113 4014 Nicolai

553 4071 617 4122 et
681 4060 984 4141 Stephani
1052 4061 1318 4120 filiorum
1387 4060 1575 4136 Abre,
1644 4060 1904 4121 fratrum
1976 4080 2231 4121 suorum
2301 4061 2673 4139 patruelium
2742 4061 3113 4135 nominibus,

553 4176 832 4229 nostram
879 4168 1322 4228 excellenciam
1390 4168 1702 4227 humiliter
1749 4176 1812 4227 et
1857 4170 2102 4243 deuote,
2175 4178 2242 4227 vt
2288 4170 2547 4228 easdem
2617 4169 2827 4228 literas
2891 4168 3116 4247 prefati

553 4276 744 4354 patris
809 4275 1021 4349 nostri,
1067 4275 1462 4353 presentibus
1525 4274 1714 4335 inseri
1782 4275 2068 4335 faciendo
2138 4277 2524 4350 confirmare,
2594 4276 2673 4335 de
2729 4274 3116 4355 benignitate

555 4386 728 4465 regia
792 4384 1209 4464 dignaremur.
1303 4384 1434 4442 Nos
1484 4384 1789 4463 siquidem
1850 4384 2259 4462 peticionibus
2322 4384 2602 4443 eiusdem
2665 4384 2842 4444 iustis
2890 4391 2952 4444 et
2997 4382 3115 4443 iuri

553 4492 845 4552 consonis
894 4491 1071 4571 regio
1119 4510 1262 4550 cum
1308 4490 1523 4550 fauore
1570 4490 1861 4565 inclinati,
1909 4500 2039 4551 toto
2084 4498 2300 4551 tenore
2367 4492 2750 4570 prefatamm
2795 4492 3112 4551 literarum

551 4600 742 4678 patris
789 4597 984 4658 nostri
1029 4598 1386 4675 pateneium
1431 4598 1824 4677 presentibus
1871 4598 2106 4657 inserto
2154 4606 2432 4673 eatenuS,
2481 4607 2789 4678 quatenus
2836 4596 3113 4675 predicte

550 4707 724 4766 litere
769 4706 964 4785 patris
1011 4705 1225 4779 nostri,
1290 4724 1480 4782 super
1526 4706 1693 4765 dicta
1738 4706 2139 4785 possessione
2188 4706 2411 4783 Chehy
2461 4706 2917 4766 confirmatorie
2968 4682 3113 4765 con·

549 4814 708 4873 fecte
759 4814 872 4873 rite
921 4821 981 4873 et
1027 4812 1302 4892 legitime
1352 4822 1640 4873 emanate
1689 4813 1975 4887 existunt,
2012 4822 2074 4873 et
2104 4822 2288 4891 prout
2334 4814 2534 4873 eciam
2582 4814 2748 4873 dicta
2795 4813 3111 4891 possessio

553 4942 698 4982 vere
764 4930 828 4981 et
884 4921 1044 4981 iuste
1109 4921 1334 4980 collata
1398 4920 1594 4979 extitit
1661 4939 1773 4999 per
1819 4928 2063 4998 patrem
2132 4929 2415 4980 nostrum
2483 4930 2895 4998 prenotatum,
2963 4920 3109 4999 ipsis

550 5029 734 5088 Petro
800 5038 864 5088 et
925 5028 1184 5088 Nicolao
1254 5027 1394 5087 filiis
1442 5028 1711 5102 Martini,
1781 5028 2039 5089 Iohanni
2089 5038 2151 5087 et
2198 5028 2456 5086 Nicolao
2526 5029 2665 5087 filiis
2732 5028 2973 5088 Nicolai
3036 5048 3111 5089 ac
