<?xml version="1.0" encoding="UTF-8"?>
<!DOCTYPE html PUBLIC "-//W3C//DTD XHTML 1.0 Transitional//EN"
    "http://www.w3.org/TR/xhtml1/DTD/xhtml1-transitional.dtd">
<html xmlns="http://www.w3.org/1999/xhtml" xml:lang="en" lang="en">
 <head>
  <title>
</title>
<meta http-equiv="Content-Type" content="text/html;charset=utf-8" />
  <meta name='ocr-system' content='tesseract 3.04.00' />
  <meta name='ocr-capabilities' content='ocr_page ocr_carea ocr_par ocr_line ocrx_word'/>
</head>
<body>
  <div class='ocr_page' id='page_1' title='image "./povjesnispomeni01laszgoog_0209.png"; bbox 0 0 3917 5592; ppageno 0'>
   <div class='ocr_carea' id='block_1_1' title="bbox 3035 441 3156 504">
    <p class='ocr_par' dir='ltr' id='par_1_1' title="bbox 3035 441 3156 504">
     <span class='ocr_line' id='line_1_1' title="bbox 3035 441 3156 504; baseline 0 -1"><span class='ocrx_word' id='word_1_1' title='bbox 3035 441 3156 504; x_wconf 88' lang='grc'>159</span> 
     </span>
    </p>
   </div>
   <div class='ocr_carea' id='block_1_2' title="bbox 579 650 3173 1897">
    <p class='ocr_par' dir='ltr' id='par_1_2' title="bbox 579 650 3173 1897">
     <span class='ocr_line' id='line_1_2' title="bbox 597 650 3159 738; baseline 0.002 -25"><span class='ocrx_word' id='word_1_2' title='bbox 597 652 704 713; x_wconf 91' lang='lat' dir='ltr'>bili</span> <span class='ocrx_word' id='word_1_3' title='bbox 771 673 846 713; x_wconf 94' lang='lat' dir='ltr'>ac</span> <span class='ocrx_word' id='word_1_4' title='bbox 913 654 1266 735; x_wconf 88' lang='lat' dir='ltr'>magnificis</span> <span class='ocrx_word' id='word_1_5' title='bbox 1337 654 1485 715; x_wconf 86' lang='lat' dir='ltr'>viris</span> <span class='ocrx_word' id='word_1_6' title='bbox 1557 654 1808 715; x_wconf 90' lang='lat' dir='ltr'>domino</span> <span class='ocrx_word' id='word_1_7' title='bbox 1855 656 2221 716; x_wconf 77' lang='lat' dir='ltr'>Hermanno</span> <span class='ocrx_word' id='word_1_8' title='bbox 2272 656 2497 716; x_wconf 83' lang='lat' dir='ltr'>comite</span> <span class='ocrx_word' id='word_1_9' title='bbox 2546 650 2699 717; x_wconf 76' lang='lat' dir='ltr'>Cili³</span> <span class='ocrx_word' id='word_1_10' title='bbox 2752 676 2829 717; x_wconf 92' lang='lat' dir='ltr'>ac</span> <span class='ocrx_word' id='word_1_11' title='bbox 2887 657 3159 738; x_wconf 87' lang='lat' dir='ltr'>Zagorie</span> 
     </span>
     <span class='ocr_line' id='line_1_3' title="bbox 596 759 3160 844; baseline 0.002 -25"><span class='ocrx_word' id='word_1_12' title='bbox 596 759 1046 840; x_wconf 89' lang='lat' dir='ltr'>Dalmacieque</span> <span class='ocrx_word' id='word_1_13' title='bbox 1075 768 1137 821; x_wconf 92' lang='lat' dir='ltr'>et</span> <span class='ocrx_word' id='word_1_14' title='bbox 1165 759 1433 822; x_wconf 89' lang='lat' dir='ltr'>Croacie</span> <span class='ocrx_word' id='word_1_15' title='bbox 1481 762 1903 840; x_wconf 86' lang='lat' dir='ltr'>predictorum</span> <span class='ocrx_word' id='word_1_16' title='bbox 1932 782 2009 822; x_wconf 86' lang='lat' dir='ltr'>ac</span> <span class='ocrx_word' id='word_1_17' title='bbox 2036 762 2371 823; x_wconf 89' lang='lat' dir='ltr'>Sclauonie</span> <span class='ocrx_word' id='word_1_18' title='bbox 2419 781 2760 844; x_wconf 86' lang='lat' dir='ltr'>regnorum</span> <span class='ocrx_word' id='word_1_19' title='bbox 2808 773 3160 824; x_wconf 89' lang='lat' dir='ltr'>nostrorum</span> 
     </span>
     <span class='ocr_line' id='line_1_4' title="bbox 590 868 3159 952; baseline 0.002 -25"><span class='ocrx_word' id='word_1_20' title='bbox 590 868 775 942; x_wconf 89' lang='lat' dir='ltr'>ban0,</span> <span class='ocrx_word' id='word_1_21' title='bbox 825 887 1044 928; x_wconf 85' lang='lat' dir='ltr'>socero</span> <span class='ocrx_word' id='word_1_22' title='bbox 1091 877 1304 928; x_wconf 89' lang='lat' dir='ltr'>nostro</span> <span class='ocrx_word' id='word_1_23' title='bbox 1353 868 1693 945; x_wconf 84' lang='lat' dir='ltr'>carissimO,</span> <span class='ocrx_word' id='word_1_24' title='bbox 1740 869 2003 930; x_wconf 90' lang='lat' dir='ltr'>Nicolao</span> <span class='ocrx_word' id='word_1_25' title='bbox 2037 869 2116 930; x_wconf 91' lang='lat' dir='ltr'>de</span> <span class='ocrx_word' id='word_1_26' title='bbox 2149 870 2322 930; x_wconf 88' lang='lat' dir='ltr'>Gara</span> <span class='ocrx_word' id='word_1_27' title='bbox 2369 870 2547 950; x_wconf 86' lang='lat' dir='ltr'>regni</span> <span class='ocrx_word' id='word_1_28' title='bbox 2596 871 2789 931; x_wconf 87' lang='lat' dir='ltr'>nostri</span> <span class='ocrx_word' id='word_1_29' title='bbox 2834 872 3159 952; x_wconf 88' lang='lat' dir='ltr'>Hungarie</span> 
     </span>
     <span class='ocr_line' id='line_1_5' title="bbox 594 974 3160 1054; baseline 0.002 -20"><span class='ocrx_word' id='word_1_30' title='bbox 594 974 887 1053; x_wconf 79' lang='lat' dir='ltr'>palatine,</span> <span class='ocrx_word' id='word_1_31' title='bbox 937 975 1214 1035; x_wconf 86' lang='lat' dir='ltr'>Iohanne</span> <span class='ocrx_word' id='word_1_32' title='bbox 1247 975 1372 1035; x_wconf 87' lang='lat' dir='ltr'>filio</span> <span class='ocrx_word' id='word_1_33' title='bbox 1421 975 1664 1036; x_wconf 87' lang='lat' dir='ltr'>Herrici</span> <span class='ocrx_word' id='word_1_34' title='bbox 1697 984 1759 1036; x_wconf 92' lang='lat' dir='ltr'>et</span> <span class='ocrx_word' id='word_1_35' title='bbox 1787 976 2019 1036; x_wconf 92' lang='lat' dir='ltr'>Iacobo</span> <span class='ocrx_word' id='word_1_36' title='bbox 2066 976 2282 1036; x_wconf 88' lang='lat' dir='ltr'>Lachk</span> <span class='ocrx_word' id='word_1_37' title='bbox 2314 978 2642 1054; x_wconf 80' lang='lat' dir='ltr'>wayvodis</span> <span class='ocrx_word' id='word_1_38' title='bbox 2674 978 2901 1039; x_wconf 86' lang='lat' dir='ltr'>nostris</span> <span class='ocrx_word' id='word_1_39' title='bbox 2930 980 3160 1039; x_wconf 89' lang='lat' dir='ltr'>Trans·</span> 
     </span>
     <span class='ocr_line' id='line_1_6' title="bbox 594 1082 3161 1161; baseline 0.001 -18"><span class='ocrx_word' id='word_1_40' title='bbox 594 1082 1070 1157; x_wconf 88' lang='lat' dir='ltr'>siluanensibus,</span> <span class='ocrx_word' id='word_1_41' title='bbox 1145 1082 1371 1143; x_wconf 84' lang='lat' dir='ltr'><strong>comite</strong></span> <span class='ocrx_word' id='word_1_42' title='bbox 1419 1084 1628 1143; x_wconf 88' lang='lat' dir='ltr'><strong>Frank</strong></span> <span class='ocrx_word' id='word_1_43' title='bbox 1697 1083 1824 1144; x_wconf 88' lang='lat' dir='ltr'>filio</span> <span class='ocrx_word' id='word_1_44' title='bbox 1880 1084 2147 1144; x_wconf 90' lang='lat' dir='ltr'>condam</span> <span class='ocrx_word' id='word_1_45' title='bbox 2214 1084 2440 1161; x_wconf 89' lang='lat' dir='ltr'>Konye</span> <span class='ocrx_word' id='word_1_46' title='bbox 2487 1085 2651 1159; x_wconf 90' lang='lat' dir='ltr'>bani,</span> <span class='ocrx_word' id='word_1_47' title='bbox 2720 1085 2924 1145; x_wconf 91' lang='lat' dir='ltr'>iudice</span> <span class='ocrx_word' id='word_1_48' title='bbox 2994 1086 3161 1145; x_wconf 90' lang='lat' dir='ltr'>curie</span> 
     </span>
     <span class='ocr_line' id='line_1_7' title="bbox 594 1191 3161 1267; baseline 0.001 -17"><span class='ocrx_word' id='word_1_49' title='bbox 594 1199 824 1266; x_wconf 90' lang='lat' dir='ltr'>nostre,</span> <span class='ocrx_word' id='word_1_50' title='bbox 872 1191 1149 1251; x_wconf 82' lang='lat' dir='ltr'>Iohanne</span> <span class='ocrx_word' id='word_1_51' title='bbox 1181 1192 1258 1251; x_wconf 90' lang='lat' dir='ltr'>de</span> <span class='ocrx_word' id='word_1_52' title='bbox 1290 1192 1593 1251; x_wconf 87' lang='lat' dir='ltr'>Marczali</span> <span class='ocrx_word' id='word_1_53' title='bbox 1639 1191 1806 1251; x_wconf 89' lang='lat' dir='ltr'>bano</span> <span class='ocrx_word' id='word_1_54' title='bbox 1853 1191 2309 1267; x_wconf 89' lang='lat' dir='ltr'>Machouiensi,</span> <span class='ocrx_word' id='word_1_55' title='bbox 2353 1193 2590 1253; x_wconf 90' lang='lat' dir='ltr'>honore</span> <span class='ocrx_word' id='word_1_56' title='bbox 2635 1193 2904 1254; x_wconf 88' lang='lat' dir='ltr'>banatus</span> <span class='ocrx_word' id='word_1_57' title='bbox 2950 1193 3161 1254; x_wconf 93' lang='lat' dir='ltr'>Zeuri-</span> 
     </span>
     <span class='ocr_line' id='line_1_8' title="bbox 595 1298 3163 1373; baseline 0.001 -15"><span class='ocrx_word' id='word_1_58' title='bbox 595 1298 829 1359; x_wconf 82' lang='lat' dir='ltr'>niensis</span> <span class='ocrx_word' id='word_1_59' title='bbox 880 1306 1162 1373; x_wconf 89' lang='lat' dir='ltr'>vacante,</span> <span class='ocrx_word' id='word_1_60' title='bbox 1211 1298 1473 1359; x_wconf 90' lang='lat' dir='ltr'>Nicolao</span> <span class='ocrx_word' id='word_1_61' title='bbox 1522 1299 1738 1358; x_wconf 84' lang='lat' dir='ltr'>Trutel</span> <span class='ocrx_word' id='word_1_62' title='bbox 1785 1299 1864 1359; x_wconf 88' lang='lat' dir='ltr'>de</span> <span class='ocrx_word' id='word_1_63' title='bbox 1912 1299 2142 1359; x_wconf 90' lang='lat' dir='ltr'>Neuna</span> <span class='ocrx_word' id='word_1_64' title='bbox 2192 1300 2656 1360; x_wconf 88' lang='lat' dir='ltr'>tavarnicorum</span> <span class='ocrx_word' id='word_1_65' title='bbox 2704 1308 2767 1360; x_wconf 92' lang='lat' dir='ltr'>et</span> <span class='ocrx_word' id='word_1_66' title='bbox 2812 1301 3037 1361; x_wconf 83' lang='lat' dir='ltr'><strong>comite</strong></span> <span class='ocrx_word' id='word_1_67' title='bbox 3084 1301 3163 1361; x_wconf 90' lang='lat' dir='ltr'>de</span> 
     </span>
     <span class='ocr_line' id='line_1_9' title="bbox 598 1405 3162 1486; baseline 0.002 -21"><span class='ocrx_word' id='word_1_68' title='bbox 598 1407 866 1486; x_wconf 88' lang='lat' dir='ltr'>Posega,</span> <span class='ocrx_word' id='word_1_69' title='bbox 913 1406 1192 1483; x_wconf 91' lang='lat' dir='ltr'>Symone</span> <span class='ocrx_word' id='word_1_70' title='bbox 1239 1406 1365 1466; x_wconf 78' lang='lat' dir='ltr'>filio</span> <span class='ocrx_word' id='word_1_71' title='bbox 1412 1405 1675 1484; x_wconf 82' lang='lat' dir='ltr'><strong>predicti</strong></span> <span class='ocrx_word' id='word_1_72' title='bbox 1721 1407 1993 1466; x_wconf 90' lang='lat' dir='ltr'>condam</span> <span class='ocrx_word' id='word_1_73' title='bbox 2038 1406 2263 1484; x_wconf 90' lang='lat' dir='ltr'>Konye</span> <span class='ocrx_word' id='word_1_74' title='bbox 2295 1407 2444 1468; x_wconf 88' lang='lat' dir='ltr'>bani</span> <span class='ocrx_word' id='word_1_75' title='bbox 2492 1407 2841 1483; x_wconf 90' lang='lat' dir='ltr'>ianitorum,</span> <span class='ocrx_word' id='word_1_76' title='bbox 2887 1408 3162 1469; x_wconf 87' lang='lat' dir='ltr'>Iohanne</span> 
     </span>
     <span class='ocr_line' id='line_1_10' title="bbox 579 1512 3161 1595; baseline 0 -20"><span class='ocrx_word' id='word_1_77' title='bbox 579 1512 765 1575; x_wconf 85' lang='lat' dir='ltr'>dicto</span> <span class='ocrx_word' id='word_1_78' title='bbox 813 1513 976 1575; x_wconf 89' lang='lat' dir='ltr'>Grof</span> <span class='ocrx_word' id='word_1_79' title='bbox 1038 1514 1264 1574; x_wconf 90' lang='lat' dir='ltr'><strong>comite</strong></span> <span class='ocrx_word' id='word_1_80' title='bbox 1311 1513 1628 1574; x_wconf 90' lang='lat' dir='ltr'>Corbauie</span> <span class='ocrx_word' id='word_1_81' title='bbox 1702 1514 2141 1594; x_wconf 89' lang='lat' dir='ltr'>dapiferorum,</span> <span class='ocrx_word' id='word_1_82' title='bbox 2211 1514 2486 1575; x_wconf 90' lang='lat' dir='ltr'>Iohanne</span> <span class='ocrx_word' id='word_1_83' title='bbox 2533 1515 2660 1575; x_wconf 81' lang='lat' dir='ltr'>filio</span> <span class='ocrx_word' id='word_1_84' title='bbox 2728 1515 3018 1595; x_wconf 85' lang='lat' dir='ltr'><strong>Gregorii</strong></span> <span class='ocrx_word' id='word_1_85' title='bbox 3084 1517 3161 1575; x_wconf 88' lang='lat' dir='ltr'>de</span> 
     </span>
     <span class='ocr_line' id='line_1_11' title="bbox 599 1621 3163 1702; baseline 0.001 -21"><span class='ocrx_word' id='word_1_86' title='bbox 599 1621 796 1681; x_wconf 85' lang='lat' dir='ltr'>Alsan</span> <span class='ocrx_word' id='word_1_87' title='bbox 863 1622 1321 1700; x_wconf 87' lang='lat' dir='ltr'>pincernarum,</span> <span class='ocrx_word' id='word_1_88' title='bbox 1375 1622 1564 1682; x_wconf 90' lang='lat' dir='ltr'>Petro</span> <span class='ocrx_word' id='word_1_89' title='bbox 1626 1621 1804 1687; x_wconf 90' lang='lat' dir='ltr'>Cheh</span> <span class='ocrx_word' id='word_1_90' title='bbox 1879 1641 2236 1702; x_wconf 88' lang='lat' dir='ltr'>agazonum</span> <span class='ocrx_word' id='word_1_91' title='bbox 2300 1630 2652 1683; x_wconf 91' lang='lat' dir='ltr'>nostrorum</span> <span class='ocrx_word' id='word_1_92' title='bbox 2723 1623 3039 1701; x_wconf 75' lang='lat' dir='ltr'><strong>magistris</strong></span> <span class='ocrx_word' id='word_1_93' title='bbox 3100 1632 3163 1683; x_wconf 87' lang='lat' dir='ltr'>et</span> 
     </span>
     <span class='ocr_line' id='line_1_12' title="bbox 600 1728 3173 1810; baseline 0 -21"><span class='ocrx_word' id='word_1_94' title='bbox 600 1728 976 1809; x_wconf 87' lang='lat' dir='ltr'>Sylstrangh</span> <span class='ocrx_word' id='word_1_95' title='bbox 1042 1728 1267 1789; x_wconf 91' lang='lat' dir='ltr'><strong>comite</strong></span> <span class='ocrx_word' id='word_1_96' title='bbox 1337 1729 1722 1804; x_wconf 89' lang='lat' dir='ltr'>Posoniensi,</span> <span class='ocrx_word' id='word_1_97' title='bbox 1797 1729 2058 1809; x_wconf 91' lang='lat' dir='ltr'>aliisque</span> <span class='ocrx_word' id='word_1_98' title='bbox 2127 1748 2316 1808; x_wconf 91' lang='lat' dir='ltr'>quam</span> <span class='ocrx_word' id='word_1_99' title='bbox 2380 1729 2661 1809; x_wconf 88' lang='lat' dir='ltr'>pluribus</span> <span class='ocrx_word' id='word_1_100' title='bbox 2729 1730 2909 1810; x_wconf 85' lang='lat' dir='ltr'>regni</span> <span class='ocrx_word' id='word_1_101' title='bbox 2977 1730 3173 1790; x_wconf 86' lang='lat' dir='ltr'>nostri</span> 
     </span>
     <span class='ocr_line' id='line_1_13' title="bbox 605 1835 1780 1897; baseline 0 -1"><span class='ocrx_word' id='word_1_102' title='bbox 605 1836 936 1896; x_wconf 86' lang='lat' dir='ltr'><strong>comitatus</strong></span> <span class='ocrx_word' id='word_1_103' title='bbox 983 1835 1338 1897; x_wconf 87' lang='lat' dir='ltr'>tenentibus</span> <span class='ocrx_word' id='word_1_104' title='bbox 1387 1844 1449 1897; x_wconf 91' lang='lat' dir='ltr'>et</span> <span class='ocrx_word' id='word_1_105' title='bbox 1492 1837 1780 1897; x_wconf 78' lang='lat' dir='ltr'>honores,</span> 
     </span>
    </p>
   </div>
   <div class='ocr_carea' id='block_1_3' title="bbox 599 1975 3173 2210">
    <p class='ocr_par' dir='ltr' id='par_1_3' title="bbox 599 1975 3173 2210">
     <span class='ocr_line' id='line_1_14' title="bbox 817 1975 3173 2045; baseline -0.001 -14"><span class='ocrx_word' id='word_1_106' title='bbox 817 1975 1103 2045; x_wconf 79' lang='lat' dir='ltr'>originale</span> <span class='ocrx_word' id='word_1_107' title='bbox 1143 1975 1587 2029; x_wconf 83' lang='lat' dir='ltr'>membraneum.</span> <span class='ocrx_word' id='word_1_108' title='bbox 1661 1976 1711 2030; x_wconf 88' lang='lat' dir='ltr'>A</span> <span class='ocrx_word' id='word_1_109' title='bbox 1749 1990 1895 2029; x_wconf 85' lang='lat' dir='ltr'>zona</span> <span class='ocrx_word' id='word_1_110' title='bbox 1951 1975 2169 2030; x_wconf 80' lang='lat' dir='ltr'>sericea</span> <span class='ocrx_word' id='word_1_111' title='bbox 2203 1975 2403 2030; x_wconf 81' lang='lat' dir='ltr'>viridis</span> <span class='ocrx_word' id='word_1_112' title='bbox 2442 1976 2648 2030; x_wconf 83' lang='lat' dir='ltr'>coloris</span> <span class='ocrx_word' id='word_1_113' title='bbox 2693 1975 2902 2045; x_wconf 86' lang='lat' dir='ltr'>pendet</span> <span class='ocrx_word' id='word_1_114' title='bbox 2936 1976 3173 2032; x_wconf 74' lang='lat' dir='ltr'>fractum</span> 
     </span>
     <span class='ocr_line' id='line_1_15' title="bbox 600 2063 3173 2135; baseline 0 -16"><span class='ocrx_word' id='word_1_115' title='bbox 600 2064 864 2134; x_wconf 79' lang='lat' dir='ltr'>sigillum.</span> <span class='ocrx_word' id='word_1_116' title='bbox 941 2066 1003 2119; x_wconf 89' lang='lat' dir='ltr'>In</span> <span class='ocrx_word' id='word_1_117' title='bbox 1043 2064 1274 2120; x_wconf 80' lang='lat' dir='ltr'>archivo</span> <span class='ocrx_word' id='word_1_118' title='bbox 1314 2064 1470 2133; x_wconf 80' lang='lat' dir='ltr'>regni</span> <span class='ocrx_word' id='word_1_119' title='bbox 1507 2063 1844 2134; x_wconf 82' lang='lat' dir='ltr'>Hungariae‚</span> <span class='ocrx_word' id='word_1_120' title='bbox 1904 2064 2300 2135; x_wconf 81' lang='lat' dir='ltr'>Budapestini:</span> <span class='ocrx_word' id='word_1_121' title='bbox 2358 2064 2427 2119; x_wconf 71' lang='grc' dir='ltr'>Μ.</span> <span class='ocrx_word' id='word_1_122' title='bbox 2466 2063 2531 2121; x_wconf 90' lang='grc' dir='ltr'>Ο.</span> <span class='ocrx_word' id='word_1_123' title='bbox 2570 2064 2632 2120; x_wconf 90' lang='lat' dir='ltr'>D.</span> <span class='ocrx_word' id='word_1_124' title='bbox 2671 2065 2729 2120; x_wconf 90' lang='lat' dir='ltr'>L.</span> <span class='ocrx_word' id='word_1_125' title='bbox 2766 2064 2977 2134; x_wconf 68' lang='lat'>34675„</span> <span class='ocrx_word' id='word_1_126' title='bbox 3034 2065 3173 2120; x_wconf 87' lang='lat' dir='ltr'>olim</span> 
     </span>
     <span class='ocr_line' id='line_1_16' title="bbox 599 2152 1923 2210; baseline 0 -1"><span class='ocrx_word' id='word_1_127' title='bbox 599 2156 743 2210; x_wconf 85' lang='lat' dir='ltr'>Acta</span> <span class='ocrx_word' id='word_1_128' title='bbox 781 2158 1024 2210; x_wconf 79' lang='lat' dir='ltr'>monast.</span> <span class='ocrx_word' id='word_1_129' title='bbox 1062 2154 1419 2209; x_wconf 81' lang='lat' dir='ltr'>Remetensis</span> <span class='ocrx_word' id='word_1_130' title='bbox 1457 2154 1590 2209; x_wconf 81' lang='lat' dir='ltr'>fasc.</span> <span class='ocrx_word' id='word_1_131' title='bbox 1627 2154 1694 2209; x_wconf 90' lang='lat'>11.</span> <span class='ocrx_word' id='word_1_132' title='bbox 1729 2152 1838 2210; x_wconf 88' lang='lat' dir='ltr'>No.</span> <span class='ocrx_word' id='word_1_133' title='bbox 1874 2154 1923 2209; x_wconf 78' lang='lat'>2.</span> 
     </span>
    </p>
   </div>
   <div class='ocr_carea' id='block_1_4' title="bbox 600 2268 1027 2277">
    <p class='ocr_par' dir='ltr' id='par_1_4' title="bbox 600 2268 1027 2277">
     <span class='ocr_line' id='line_1_17' title="bbox 600 2268 1027 2277; baseline 0 3315"><span class='ocrx_word' id='word_1_134' title='bbox 600 2268 1027 2277; x_wconf 95' lang='lat' dir='ltr'> </span> 
     </span>
    </p>
   </div>
   <div class='ocr_carea' id='block_1_5' title="bbox 821 2300 1785 2390">
    <p class='ocr_par' dir='ltr' id='par_1_5' title="bbox 821 2300 1785 2390">
     <span class='ocr_line' id='line_1_18' title="bbox 821 2300 1785 2390; baseline 0 -15"><span class='ocrx_word' id='word_1_135' title='bbox 821 2318 834 2348; x_wconf 86' lang='lat'>²</span> <span class='ocrx_word' id='word_1_136' title='bbox 873 2318 971 2375; x_wconf 81' lang='lat' dir='ltr'>sic.</span> <span class='ocrx_word' id='word_1_137' title='bbox 1049 2320 1068 2348; x_wconf 87' lang='lat'>²</span> <span class='ocrx_word' id='word_1_138' title='bbox 1103 2318 1192 2374; x_wconf 79' lang='lat' dir='ltr'>bis</span> <span class='ocrx_word' id='word_1_139' title='bbox 1229 2300 1548 2390; x_wconf 42' lang='lat' dir='ltr'>scriptum(</span> <span class='ocrx_word' id='word_1_140' title='bbox 1596 2319 1615 2349; x_wconf 81' lang='lat'>⁸</span> <span class='ocrx_word' id='word_1_141' title='bbox 1653 2320 1749 2375; x_wconf 84' lang='lat' dir='ltr'>sic.</span> <span class='ocrx_word' id='word_1_142' title='bbox 1781 2314 1785 2319; x_wconf 53' lang='lat'><strong>⁴</strong></span> 
     </span>
    </p>
   </div>
   <div class='ocr_carea' id='block_1_6' title="bbox 1786 2603 1992 2674">
    <p class='ocr_par' dir='ltr' id='par_1_6' title="bbox 1786 2603 1992 2674">
     <span class='ocr_line' id='line_1_19' title="bbox 1786 2603 1992 2674; baseline 0.005 -1"><span class='ocrx_word' id='word_1_143' title='bbox 1786 2603 1992 2674; x_wconf 72' lang='grc'>168.</span> 
     </span>
    </p>
   </div>
   <div class='ocr_carea' id='block_1_7' title="bbox 817 2824 2085 2907">
    <p class='ocr_par' dir='ltr' id='par_1_7' title="bbox 817 2824 2085 2907">
     <span class='ocr_line' id='line_1_20' title="bbox 817 2824 2085 2907; baseline -0.001 -19"><span class='ocrx_word' id='word_1_144' title='bbox 817 2826 1003 2888; x_wconf 88' lang='lat' dir='ltr'>Anno</span> <span class='ocrx_word' id='word_1_145' title='bbox 1061 2824 1245 2887; x_wconf 85' lang='lat'>1407.</span> <span class='ocrx_word' id='word_1_146' title='bbox 1295 2824 1396 2886; x_wconf 89' lang='grc'>21.</span> <span class='ocrx_word' id='word_1_147' title='bbox 1446 2826 1664 2886; x_wconf 88' lang='lat' dir='ltr'>martii.</span> <span class='ocrx_word' id='word_1_148' title='bbox 1714 2826 2085 2907; x_wconf 87' lang='lat' dir='ltr'>Zagrabiae.</span> 
     </span>
    </p>
   </div>
   <div class='ocr_carea' id='block_1_8' title="bbox 606 3033 3169 3337">
    <p class='ocr_par' dir='ltr' id='par_1_8' title="bbox 606 3033 3169 3337">
     <span class='ocr_line' id='line_1_21' title="bbox 613 3033 3169 3121; baseline -0.001 -19"><span class='ocrx_word' id='word_1_149' title='bbox 613 3038 866 3103; x_wconf 87' lang='lat' dir='ltr'>Coram</span> <span class='ocrx_word' id='word_1_150' title='bbox 913 3037 1120 3102; x_wconf 82' lang='lat' dir='ltr'>Petro</span> <span class='ocrx_word' id='word_1_151' title='bbox 1156 3034 1320 3120; x_wconf 85' lang='lat' dir='ltr'>filio</span> <span class='ocrx_word' id='word_1_152' title='bbox 1375 3034 1668 3121; x_wconf 79' lang='lat' dir='ltr'>Georgii</span> <span class='ocrx_word' id='word_1_153' title='bbox 1713 3036 1960 3101; x_wconf 83' lang='lat' dir='ltr'><strong>comite</strong></span> <span class='ocrx_word' id='word_1_154' title='bbox 2009 3035 2326 3101; x_wconf 76' lang='lat' dir='ltr'>terrestri</span> <span class='ocrx_word' id='word_1_155' title='bbox 2362 3035 2611 3119; x_wconf 82' lang='lat' dir='ltr'>Campi</span> <span class='ocrx_word' id='word_1_156' title='bbox 2655 3033 3169 3121; x_wconf 76' lang='lat' dir='ltr'>Zagrabiensz‘S,</span> 
     </span>
     <span class='ocr_line' id='line_1_22' title="bbox 606 3134 3169 3231; baseline -0.001 -21"><span class='ocrx_word' id='word_1_157' title='bbox 606 3144 788 3211; x_wconf 84' lang='lat' dir='ltr'>Iwko</span> <span class='ocrx_word' id='word_1_158' title='bbox 824 3143 1036 3231; x_wconf 80' lang='lat' dir='ltr'>filius</span> <span class='ocrx_word' id='word_1_159' title='bbox 1082 3143 1311 3210; x_wconf 87' lang='lat' dir='ltr'>Iakow</span> <span class='ocrx_word' id='word_1_160' title='bbox 1359 3142 1441 3207; x_wconf 87' lang='lat' dir='ltr'>de</span> <span class='ocrx_word' id='word_1_161' title='bbox 1495 3142 1820 3221; x_wconf 83' lang='lat' dir='ltr'>Goricha,</span> <span class='ocrx_word' id='word_1_162' title='bbox 1886 3134 2225 3229; x_wconf 72' lang='lat' dir='ltr'>quasdam</span> <span class='ocrx_word' id='word_1_163' title='bbox 2272 3146 2499 3209; x_wconf 83' lang='lat' dir='ltr'>terras</span> <span class='ocrx_word' id='word_1_164' title='bbox 2542 3164 2712 3208; x_wconf 80' lang='lat' dir='ltr'>suas</span> <span class='ocrx_word' id='word_1_165' title='bbox 2757 3163 3001 3208; x_wconf 84' lang='lat' dir='ltr'>novem</span> <span class='ocrx_word' id='word_1_166' title='bbox 3033 3141 3169 3228; x_wconf 89' lang='lat' dir='ltr'>flo-</span> 
     </span>
     <span class='ocr_line' id='line_1_23' title="bbox 865 3248 2907 3337; baseline -0.001 -19"><span class='ocrx_word' id='word_1_167' title='bbox 865 3252 1060 3318; x_wconf 80' lang='lat' dir='ltr'>renis</span> <span class='ocrx_word' id='word_1_168' title='bbox 1104 3250 1291 3328; x_wconf 87' lang='lat' dir='ltr'>auri,</span> <span class='ocrx_word' id='word_1_169' title='bbox 1348 3249 1688 3337; x_wconf 82' lang='lat' dir='ltr'>Gregorio</span> <span class='ocrx_word' id='word_1_170' title='bbox 1736 3254 1800 3317; x_wconf 84' lang='lat' dir='ltr'>et</span> <span class='ocrx_word' id='word_1_171' title='bbox 1845 3250 2087 3316; x_wconf 84' lang='lat' dir='ltr'>Endre</span> <span class='ocrx_word' id='word_1_172' title='bbox 2119 3248 2310 3334; x_wconf 79' lang='lat' dir='ltr'>filiis</span> <span class='ocrx_word' id='word_1_173' title='bbox 2355 3250 2609 3330; x_wconf 76' lang='lat' dir='ltr'>Kusae,</span> <span class='ocrx_word' id='word_1_174' title='bbox 2654 3250 2907 3317; x_wconf 82' lang='lat' dir='ltr'>vendit.</span> 
     </span>
    </p>
   </div>
   <div class='ocr_carea' id='block_1_9' title="bbox 605 3468 3172 5063">
    <p class='ocr_par' dir='ltr' id='par_1_9' title="bbox 605 3468 3172 5063">
     <span class='ocr_line' id='line_1_24' title="bbox 821 3468 3164 3552; baseline -0.003 -18"><span class='ocrx_word' id='word_1_175' title='bbox 821 3474 952 3535; x_wconf 91' lang='lat' dir='ltr'>Nos</span> <span class='ocrx_word' id='word_1_176' title='bbox 999 3475 1224 3534; x_wconf 89' lang='lat' dir='ltr'>Petrus</span> <span class='ocrx_word' id='word_1_177' title='bbox 1270 3473 1432 3533; x_wconf 90' lang='lat' dir='ltr'>filius</span> <span class='ocrx_word' id='word_1_178' title='bbox 1481 3471 1741 3552; x_wconf 86' lang='lat' dir='ltr'>Georgii</span> <span class='ocrx_word' id='word_1_179' title='bbox 1788 3492 2000 3533; x_wconf 90' lang='lat' dir='ltr'>comes</span> <span class='ocrx_word' id='word_1_180' title='bbox 2046 3481 2131 3532; x_wconf 90' lang='lat' dir='ltr'>te1</span> <span class='ocrx_word' id='word_1_181' title='bbox 2144 3471 2355 3533; x_wconf 87' lang='lat' dir='ltr'>restris</span> <span class='ocrx_word' id='word_1_182' title='bbox 2403 3470 2630 3550; x_wconf 89' lang='lat' dir='ltr'>Campi</span> <span class='ocrx_word' id='word_1_183' title='bbox 2678 3468 3164 3551; x_wconf 86' lang='lat' dir='ltr'>[Zagrabiensis]</span> 
     </span>
     <span class='ocr_line' id='line_1_25' title="bbox 610 3573 3167 3659; baseline -0.002 -16"><span class='ocrx_word' id='word_1_184' title='bbox 610 3582 907 3643; x_wconf 88' lang='lat' dir='ltr'>memorie</span> <span class='ocrx_word' id='word_1_185' title='bbox 957 3581 1470 3641; x_wconf 88' lang='lat' dir='ltr'>commendamus</span> <span class='ocrx_word' id='word_1_186' title='bbox 1537 3599 1651 3659; x_wconf 91' lang='lat' dir='ltr'>per</span> <span class='ocrx_word' id='word_1_187' title='bbox 1695 3588 2039 3658; x_wconf 80' lang='lat' dir='ltr'>presenteS,</span> <span class='ocrx_word' id='word_1_188' title='bbox 2108 3579 2299 3658; x_wconf 91' lang='lat' dir='ltr'>[quod</span> <span class='ocrx_word' id='word_1_189' title='bbox 2342 3578 2515 3639; x_wconf 88' lang='lat' dir='ltr'>Iwko</span> <span class='ocrx_word' id='word_1_190' title='bbox 2529 3573 2566 3655; x_wconf 86' lang='lat'>¹]</span> <span class='ocrx_word' id='word_1_191' title='bbox 2622 3578 2783 3638; x_wconf 86' lang='lat' dir='ltr'>filius</span> <span class='ocrx_word' id='word_1_192' title='bbox 2828 3578 3042 3637; x_wconf 87' lang='lat' dir='ltr'>Iakow</span> <span class='ocrx_word' id='word_1_193' title='bbox 3089 3577 3167 3637; x_wconf 91' lang='lat' dir='ltr'>de</span> 
     </span>
     <span class='ocr_line' id='line_1_26' title="bbox 606 3684 3168 3767; baseline -0.002 -17"><span class='ocrx_word' id='word_1_194' title='bbox 606 3689 882 3750; x_wconf 88' lang='lat' dir='ltr'>Goricha</span> <span class='ocrx_word' id='word_1_195' title='bbox 928 3689 1114 3749; x_wconf 86' lang='lat' dir='ltr'>beate</span> <span class='ocrx_word' id='word_1_196' title='bbox 1160 3687 1438 3767; x_wconf 80' lang='lat' dir='ltr'>virginiS,</span> <span class='ocrx_word' id='word_1_197' title='bbox 1491 3687 1572 3747; x_wconf 90' lang='lat' dir='ltr'>ad</span> <span class='ocrx_word' id='word_1_198' title='bbox 1619 3695 1898 3747; x_wconf 88' lang='lat' dir='ltr'>nostram</span> <span class='ocrx_word' id='word_1_199' title='bbox 1944 3686 2358 3765; x_wconf 87' lang='lat' dir='ltr'>personaliter</span> <span class='ocrx_word' id='word_1_200' title='bbox 2402 3685 2713 3746; x_wconf 89' lang='lat' dir='ltr'>veniendo</span> <span class='ocrx_word' id='word_1_201' title='bbox 2760 3684 3168 3765; x_wconf 89' lang='lat' dir='ltr'>presenciam,</span> 
     </span>
     <span class='ocr_line' id='line_1_27' title="bbox 605 3794 3168 3873; baseline -0.003 -13"><span class='ocrx_word' id='word_1_202' title='bbox 605 3799 930 3860; x_wconf 89' lang='lat' dir='ltr'>confessus</span> <span class='ocrx_word' id='word_1_203' title='bbox 979 3796 1178 3856; x_wconf 84' lang='lat' dir='ltr'>extitit</span> <span class='ocrx_word' id='word_1_204' title='bbox 1209 3796 1272 3855; x_wconf 90' lang='lat' dir='ltr'>in</span> <span class='ocrx_word' id='word_1_205' title='bbox 1302 3795 1467 3855; x_wconf 87' lang='lat' dir='ltr'>hunc</span> <span class='ocrx_word' id='word_1_206' title='bbox 1515 3796 1786 3869; x_wconf 88' lang='lat' dir='ltr'>modum,</span> <span class='ocrx_word' id='word_1_207' title='bbox 1835 3794 2005 3873; x_wconf 92' lang='lat' dir='ltr'>quod</span> <span class='ocrx_word' id='word_1_208' title='bbox 2052 3794 2187 3873; x_wconf 89' lang='lat' dir='ltr'>ipse</span> <span class='ocrx_word' id='word_1_209' title='bbox 2234 3794 2542 3872; x_wconf 90' lang='lat' dir='ltr'>quasdam</span> <span class='ocrx_word' id='word_1_210' title='bbox 2588 3800 2788 3854; x_wconf 90' lang='lat' dir='ltr'>terras</span> <span class='ocrx_word' id='word_1_211' title='bbox 2835 3812 2984 3853; x_wconf 90' lang='lat' dir='ltr'>suas</span> <span class='ocrx_word' id='word_1_212' title='bbox 3032 3812 3168 3853; x_wconf 90' lang='lat' dir='ltr'>ara-</span> 
     </span>
     <span class='ocr_line' id='line_1_28' title="bbox 606 3901 3170 3981; baseline -0.002 -16"><span class='ocrx_word' id='word_1_213' title='bbox 606 3905 780 3979; x_wconf 89' lang='lat' dir='ltr'>biles,</span> <span class='ocrx_word' id='word_1_214' title='bbox 827 3923 1020 3964; x_wconf 87' lang='lat' dir='ltr'>unam</span> <span class='ocrx_word' id='word_1_215' title='bbox 1065 3902 1356 3963; x_wconf 90' lang='lat' dir='ltr'>videlicet</span> <span class='ocrx_word' id='word_1_216' title='bbox 1402 3902 1560 3961; x_wconf 91' lang='lat' dir='ltr'>inter</span> <span class='ocrx_word' id='word_1_217' title='bbox 1626 3910 1826 3965; x_wconf 86' lang='lat' dir='ltr'>terras</span> <span class='ocrx_word' id='word_1_218' title='bbox 1875 3911 1938 3962; x_wconf 92' lang='lat' dir='ltr'>et</span> <span class='ocrx_word' id='word_1_219' title='bbox 1984 3901 2417 3981; x_wconf 90' lang='lat' dir='ltr'>possessiones</span> <span class='ocrx_word' id='word_1_220' title='bbox 2480 3910 2759 3961; x_wconf 89' lang='lat' dir='ltr'>nostram</span> <span class='ocrx_word' id='word_1_221' title='bbox 2807 3920 2881 3961; x_wconf 89' lang='lat' dir='ltr'>ac</span> <span class='ocrx_word' id='word_1_222' title='bbox 2928 3901 3170 3960; x_wconf 92' lang='lat' dir='ltr'>Thome</span> 
     </span>
     <span class='ocr_line' id='line_1_29' title="bbox 605 4008 3168 4086; baseline -0.002 -13"><span class='ocrx_word' id='word_1_223' title='bbox 605 4012 714 4073; x_wconf 83' lang='lat' dir='ltr'>filii</span> <span class='ocrx_word' id='word_1_224' title='bbox 761 4013 951 4086; x_wconf 87' lang='lat' dir='ltr'>Iwan,</span> <span class='ocrx_word' id='word_1_225' title='bbox 1015 4011 1270 4071; x_wconf 87' lang='lat' dir='ltr'>Andree</span> <span class='ocrx_word' id='word_1_226' title='bbox 1315 4010 1424 4070; x_wconf 88' lang='lat' dir='ltr'>filii</span> <span class='ocrx_word' id='word_1_227' title='bbox 1469 4009 1599 4070; x_wconf 91' lang='lat' dir='ltr'>Ielk</span> <span class='ocrx_word' id='word_1_228' title='bbox 1646 4017 1709 4070; x_wconf 91' lang='lat' dir='ltr'>et</span> <span class='ocrx_word' id='word_1_229' title='bbox 1753 4008 2015 4070; x_wconf 89' lang='lat' dir='ltr'>Adriani</span> <span class='ocrx_word' id='word_1_230' title='bbox 2061 4010 2171 4070; x_wconf 89' lang='lat' dir='ltr'>filii</span> <span class='ocrx_word' id='word_1_231' title='bbox 2216 4008 2509 4069; x_wconf 90' lang='lat' dir='ltr'>Iohannis</span> <span class='ocrx_word' id='word_1_232' title='bbox 2556 4009 2850 4084; x_wconf 89' lang='lat' dir='ltr'>habitam,</span> <span class='ocrx_word' id='word_1_233' title='bbox 2920 4009 3002 4070; x_wconf 91' lang='lat' dir='ltr'>ad</span> <span class='ocrx_word' id='word_1_234' title='bbox 3046 4015 3168 4068; x_wconf 92' lang='lat' dir='ltr'>tre·</span> 
     </span>
     <span class='ocr_line' id='line_1_30' title="bbox 610 4110 3167 4199; baseline -0.002 -19"><span class='ocrx_word' id='word_1_235' title='bbox 610 4120 813 4181; x_wconf 91' lang='lat' dir='ltr'>decim</span> <span class='ocrx_word' id='word_1_236' title='bbox 885 4138 1029 4179; x_wconf 91' lang='lat' dir='ltr'>cum</span> <span class='ocrx_word' id='word_1_237' title='bbox 1097 4118 1304 4178; x_wconf 89' lang='lat' dir='ltr'>media</span> <span class='ocrx_word' id='word_1_238' title='bbox 1373 4136 1702 4177; x_wconf 89' lang='lat' dir='ltr'>mensuras</span> <span class='ocrx_word' id='word_1_239' title='bbox 1767 4117 1829 4177; x_wconf 89' lang='lat' dir='ltr'>in</span> <span class='ocrx_word' id='word_1_240' title='bbox 1875 4110 2131 4199; x_wconf 76' lang='lat' dir='ltr'>wlgari²</span> <span class='ocrx_word' id='word_1_241' title='bbox 2199 4117 2350 4177; x_wconf 88' lang='lat' dir='ltr'>meti</span> <span class='ocrx_word' id='word_1_242' title='bbox 2419 4118 2764 4197; x_wconf 90' lang='lat' dir='ltr'>appellatas</span> <span class='ocrx_word' id='word_1_243' title='bbox 2823 4136 2892 4176; x_wconf 90' lang='lat' dir='ltr'>se</span> <span class='ocrx_word' id='word_1_244' title='bbox 2958 4123 3167 4175; x_wconf 83' lang='lat' dir='ltr'>exten-</span> 
     </span>
     <span class='ocr_line' id='line_1_31' title="bbox 608 4200 3171 4302; baseline -0.003 -14"><span class='ocrx_word' id='word_1_245' title='bbox 608 4229 878 4302; x_wconf 90' lang='lat' dir='ltr'>dentem,</span> <span class='ocrx_word' id='word_1_246' title='bbox 950 4245 1026 4286; x_wconf 94' lang='lat' dir='ltr'>ac</span> <span class='ocrx_word' id='word_1_247' title='bbox 1082 4226 1267 4286; x_wconf 83' lang='lat' dir='ltr'>aliam</span> <span class='ocrx_word' id='word_1_248' title='bbox 1333 4224 1613 4284; x_wconf 89' lang='lat' dir='ltr'>similiter</span> <span class='ocrx_word' id='word_1_249' title='bbox 1657 4232 1887 4284; x_wconf 85' lang='lat' dir='ltr'>terram</span> <span class='ocrx_word' id='word_1_250' title='bbox 1936 4224 2251 4299; x_wconf 89' lang='lat' dir='ltr'>arabilem,</span> <span class='ocrx_word' id='word_1_251' title='bbox 2310 4225 2472 4285; x_wconf 90' lang='lat' dir='ltr'>inter</span> <span class='ocrx_word' id='word_1_252' title='bbox 2539 4233 2739 4285; x_wconf 89' lang='lat' dir='ltr'>terras</span> <span class='ocrx_word' id='word_1_253' title='bbox 2803 4200 3045 4284; x_wconf 85' lang='lat' dir='ltr'>Nicolai</span> <span class='ocrx_word' id='word_1_254' title='bbox 3107 4230 3171 4282; x_wconf 92' lang='lat' dir='ltr'>et</span> 
     </span>
     <span class='ocr_line' id='line_1_32' title="bbox 607 4331 3169 4412; baseline -0.002 -17"><span class='ocrx_word' id='word_1_255' title='bbox 607 4334 831 4395; x_wconf 92' lang='lat' dir='ltr'>Briccii</span> <span class='ocrx_word' id='word_1_256' title='bbox 876 4334 1145 4394; x_wconf 89' lang='lat' dir='ltr'>filiorum</span> <span class='ocrx_word' id='word_1_257' title='bbox 1205 4334 1429 4393; x_wconf 86' lang='lat' dir='ltr'>Petrus</span> <span class='ocrx_word' id='word_1_258' title='bbox 1476 4352 1552 4392; x_wconf 87' lang='lat' dir='ltr'>ac</span> <span class='ocrx_word' id='word_1_259' title='bbox 1597 4332 1890 4392; x_wconf 90' lang='lat' dir='ltr'>Iohannis</span> <span class='ocrx_word' id='word_1_260' title='bbox 1951 4331 2061 4392; x_wconf 90' lang='lat' dir='ltr'>filii</span> <span class='ocrx_word' id='word_1_261' title='bbox 2119 4333 2247 4392; x_wconf 89' lang='lat' dir='ltr'>Ielk</span> <span class='ocrx_word' id='word_1_262' title='bbox 2296 4340 2359 4392; x_wconf 90' lang='lat' dir='ltr'>et</span> <span class='ocrx_word' id='word_1_263' title='bbox 2404 4331 2797 4412; x_wconf 89' lang='lat' dir='ltr'>quorundam</span> <span class='ocrx_word' id='word_1_264' title='bbox 2849 4332 3169 4391; x_wconf 89' lang='lat' dir='ltr'>hominum</span> 
     </span>
     <span class='ocr_line' id='line_1_33' title="bbox 608 4438 3171 4520; baseline -0.002 -17"><span class='ocrx_word' id='word_1_265' title='bbox 608 4444 688 4503; x_wconf 90' lang='lat' dir='ltr'>de</span> <span class='ocrx_word' id='word_1_266' title='bbox 733 4442 1020 4503; x_wconf 87' lang='lat' dir='ltr'>Chichan</span> <span class='ocrx_word' id='word_1_267' title='bbox 1081 4440 1282 4516; x_wconf 90' lang='lat' dir='ltr'>sitam,</span> <span class='ocrx_word' id='word_1_268' title='bbox 1345 4440 1427 4500; x_wconf 89' lang='lat' dir='ltr'>ad</span> <span class='ocrx_word' id='word_1_269' title='bbox 1474 4447 1741 4519; x_wconf 90' lang='lat' dir='ltr'>quatuor</span> <span class='ocrx_word' id='word_1_270' title='bbox 1803 4459 1946 4500; x_wconf 90' lang='lat' dir='ltr'>cum</span> <span class='ocrx_word' id='word_1_271' title='bbox 1992 4440 2203 4500; x_wconf 91' lang='lat' dir='ltr'>media</span> <span class='ocrx_word' id='word_1_272' title='bbox 2264 4458 2591 4499; x_wconf 87' lang='lat' dir='ltr'>mensuras</span> <span class='ocrx_word' id='word_1_273' title='bbox 2639 4440 2958 4520; x_wconf 86' lang='lat' dir='ltr'>wlgariter</span> <span class='ocrx_word' id='word_1_274' title='bbox 3022 4438 3171 4499; x_wconf 91' lang='lat' dir='ltr'>meti</span> 
     </span>
     <span class='ocr_line' id='line_1_34' title="bbox 608 4544 3169 4627; baseline -0.002 -15"><span class='ocrx_word' id='word_1_275' title='bbox 608 4544 840 4612; x_wconf 77' lang='lat' dir='ltr'>dictas³</span> <span class='ocrx_word' id='word_1_276' title='bbox 901 4570 973 4611; x_wconf 92' lang='lat' dir='ltr'>se</span> <span class='ocrx_word' id='word_1_277' title='bbox 1040 4550 1478 4623; x_wconf 88' lang='lat' dir='ltr'>continentem,</span> <span class='ocrx_word' id='word_1_278' title='bbox 1526 4548 1604 4608; x_wconf 90' lang='lat' dir='ltr'>de</span> <span class='ocrx_word' id='word_1_279' title='bbox 1652 4566 1981 4623; x_wconf 89' lang='lat' dir='ltr'>consensu,</span> <span class='ocrx_word' id='word_1_280' title='bbox 2029 4547 2439 4627; x_wconf 89' lang='lat' dir='ltr'>permissione</span> <span class='ocrx_word' id='word_1_281' title='bbox 2484 4546 2717 4626; x_wconf 85' lang='lat' dir='ltr'>pariter</span> <span class='ocrx_word' id='word_1_282' title='bbox 2780 4555 2842 4607; x_wconf 91' lang='lat' dir='ltr'>et</span> <span class='ocrx_word' id='word_1_283' title='bbox 2904 4566 3169 4607; x_wconf 88' lang='lat' dir='ltr'>assensu</span> 
     </span>
     <span class='ocr_line' id='line_1_35' title="bbox 605 4655 3172 4737; baseline -0.002 -19"><span class='ocrx_word' id='word_1_284' title='bbox 605 4658 896 4736; x_wconf 91' lang='lat' dir='ltr'>bonaque</span> <span class='ocrx_word' id='word_1_285' title='bbox 930 4667 993 4718; x_wconf 91' lang='lat' dir='ltr'>et</span> <span class='ocrx_word' id='word_1_286' title='bbox 1024 4664 1374 4737; x_wconf 88' lang='lat' dir='ltr'>spontanea</span> <span class='ocrx_word' id='word_1_287' title='bbox 1420 4657 1739 4716; x_wconf 89' lang='lat' dir='ltr'>voluntate</span> <span class='ocrx_word' id='word_1_288' title='bbox 1773 4655 2081 4716; x_wconf 89' lang='lat' dir='ltr'>dictorum</span> <span class='ocrx_word' id='word_1_289' title='bbox 2108 4656 2451 4716; x_wconf 90' lang='lat' dir='ltr'>vicinorum</span> <span class='ocrx_word' id='word_1_290' title='bbox 2488 4663 2550 4715; x_wconf 90' lang='lat' dir='ltr'>et</span> <span class='ocrx_word' id='word_1_291' title='bbox 2581 4663 3172 4727; x_wconf 90' lang='lat' dir='ltr'>commetaneorum,</span> 
     </span>
     <span class='ocr_line' id='line_1_36' title="bbox 606 4762 3168 4845; baseline -0.002 -20"><span class='ocrx_word' id='word_1_292' title='bbox 606 4765 916 4845; x_wconf 85' lang='lat' dir='ltr'>Gregorio</span> <span class='ocrx_word' id='word_1_293' title='bbox 966 4772 1029 4825; x_wconf 92' lang='lat' dir='ltr'>et</span> <span class='ocrx_word' id='word_1_294' title='bbox 1074 4763 1323 4824; x_wconf 90' lang='lat' dir='ltr'>Endree</span> <span class='ocrx_word' id='word_1_295' title='bbox 1370 4762 1510 4823; x_wconf 89' lang='lat' dir='ltr'>filiis</span> <span class='ocrx_word' id='word_1_296' title='bbox 1573 4762 1748 4823; x_wconf 90' lang='lat' dir='ltr'>Kuse</span> <span class='ocrx_word' id='word_1_297' title='bbox 1796 4771 1859 4823; x_wconf 89' lang='lat' dir='ltr'>et</span> <span class='ocrx_word' id='word_1_298' title='bbox 1903 4762 2183 4841; x_wconf 88' lang='lat' dir='ltr'>ipsorum</span> <span class='ocrx_word' id='word_1_299' title='bbox 2220 4762 2574 4839; x_wconf 83' lang='lat' dir='ltr'>heredibuS,</span> <span class='ocrx_word' id='word_1_300' title='bbox 2620 4780 2734 4842; x_wconf 90' lang='lat' dir='ltr'>pro</span> <span class='ocrx_word' id='word_1_301' title='bbox 2781 4780 3010 4822; x_wconf 89' lang='lat' dir='ltr'>novem</span> <span class='ocrx_word' id='word_1_302' title='bbox 3056 4762 3168 4821; x_wconf 90' lang='lat' dir='ltr'>flo-</span> 
     </span>
     <span class='ocr_line' id='line_1_37' title="bbox 609 4870 3169 4951; baseline -0.002 -18"><span class='ocrx_word' id='word_1_303' title='bbox 609 4874 776 4934; x_wconf 89' lang='lat' dir='ltr'>renis</span> <span class='ocrx_word' id='word_1_304' title='bbox 825 4873 958 4933; x_wconf 91' lang='lat' dir='ltr'>auri</span> <span class='ocrx_word' id='word_1_305' title='bbox 1004 4871 1408 4945; x_wconf 89' lang='lat' dir='ltr'>vendidisset,</span> <span class='ocrx_word' id='word_1_306' title='bbox 1469 4870 1829 4931; x_wconf 89' lang='lat' dir='ltr'>tradidisset</span> <span class='ocrx_word' id='word_1_307' title='bbox 1876 4879 1938 4931; x_wconf 89' lang='lat' dir='ltr'>et</span> <span class='ocrx_word' id='word_1_308' title='bbox 1986 4870 2393 4951; x_wconf 80' lang='lat' dir='ltr'>assignasset,</span> <span class='ocrx_word' id='word_1_309' title='bbox 2458 4871 2648 4930; x_wconf 89' lang='lat' dir='ltr'>immo</span> <span class='ocrx_word' id='word_1_310' title='bbox 2696 4870 2987 4945; x_wconf 90' lang='lat' dir='ltr'>vendidit,</span> <span class='ocrx_word' id='word_1_311' title='bbox 3046 4877 3169 4929; x_wconf 90' lang='lat' dir='ltr'>tra-</span> 
     </span>
     <span class='ocr_line' id='line_1_38' title="bbox 608 4977 3167 5063; baseline -0.002 -18"><span class='ocrx_word' id='word_1_312' title='bbox 608 4981 762 5045; x_wconf 84' lang='lat' dir='ltr'>didit</span> <span class='ocrx_word' id='word_1_313' title='bbox 811 4988 875 5042; x_wconf 91' lang='lat' dir='ltr'>et</span> <span class='ocrx_word' id='word_1_314' title='bbox 920 4979 1269 5063; x_wconf 87' lang='lat' dir='ltr'>assignavit</span> <span class='ocrx_word' id='word_1_315' title='bbox 1315 4998 1529 5041; x_wconf 89' lang='lat' dir='ltr'>coram</span> <span class='ocrx_word' id='word_1_316' title='bbox 1576 4977 1756 5039; x_wconf 91' lang='lat' dir='ltr'>nobis</span> <span class='ocrx_word' id='word_1_317' title='bbox 1801 4979 1934 5041; x_wconf 86' lang='lat' dir='ltr'>iure</span> <span class='ocrx_word' id='word_1_318' title='bbox 1981 4985 2285 5061; x_wconf 86' lang='lat' dir='ltr'>perpetuo</span> <span class='ocrx_word' id='word_1_319' title='bbox 2332 4988 2395 5043; x_wconf 91' lang='lat' dir='ltr'>et</span> <span class='ocrx_word' id='word_1_320' title='bbox 2440 4977 2925 5044; x_wconf 83' lang='lat' dir='ltr'>irrevocabiliter</span> <span class='ocrx_word' id='word_1_321' title='bbox 2970 4978 3167 5063; x_wconf 89' lang='lat' dir='ltr'>possi-</span> 
     </span>
    </p>
   </div>
  </div>
 </body>
</html>
