<?xml version="1.0" encoding="UTF-8"?>
<!DOCTYPE html PUBLIC "-//W3C//DTD XHTML 1.0 Transitional//EN"
    "http://www.w3.org/TR/xhtml1/DTD/xhtml1-transitional.dtd">
<html xmlns="http://www.w3.org/1999/xhtml" xml:lang="en" lang="en">
 <head>
  <title>
</title>
<meta http-equiv="Content-Type" content="text/html;charset=utf-8" />
  <meta name='ocr-system' content='tesseract 3.04.00' />
  <meta name='ocr-capabilities' content='ocr_page ocr_carea ocr_par ocr_line ocrx_word'/>
</head>
<body>
  <div class='ocr_page' id='page_1' title='image "./povjesnispomeni01laszgoog_0197.png"; bbox 0 0 3917 5592; ppageno 0'>
   <div class='ocr_carea' id='block_1_1' title="bbox 3011 439 3133 506">
    <p class='ocr_par' dir='ltr' id='par_1_1' title="bbox 3011 439 3133 506">
     <span class='ocr_line' id='line_1_1' title="bbox 3011 439 3133 506; baseline -0.008 0"><span class='ocrx_word' id='word_1_1' title='bbox 3011 439 3133 506; x_wconf 81' lang='lat'>147</span> 
     </span>
    </p>
   </div>
   <div class='ocr_carea' id='block_1_2' title="bbox 778 656 2194 901">
    <p class='ocr_par' dir='ltr' id='par_1_2' title="bbox 778 656 2194 901">
     <span class='ocr_line' id='line_1_2' title="bbox 1749 656 1957 725; baseline 0.01 -2"><span class='ocrx_word' id='word_1_2' title='bbox 1749 656 1957 725; x_wconf 81' lang='grc'>155.</span> 
     </span>
     <span class='ocr_line' id='line_1_3' title="bbox 778 815 2194 901; baseline 0.002 -22"><span class='ocrx_word' id='word_1_3' title='bbox 778 819 963 880; x_wconf 89' lang='lat' dir='ltr'>Anno</span> <span class='ocrx_word' id='word_1_4' title='bbox 1020 815 1204 879; x_wconf 86' lang='grc'><strong>1398.</strong></span> <span class='ocrx_word' id='word_1_5' title='bbox 1264 816 1356 880; x_wconf 85' lang='grc'>16.</span> <span class='ocrx_word' id='word_1_6' title='bbox 1408 819 1774 880; x_wconf 75' lang='lat' dir='ltr'>decembris·</span> <span class='ocrx_word' id='word_1_7' title='bbox 1824 822 2194 901; x_wconf 84' lang='lat' dir='ltr'>Zagrabiae.</span> 
     </span>
    </p>
   </div>
   <div class='ocr_carea' id='block_1_3' title="bbox 567 976 3140 1495">
    <p class='ocr_par' dir='ltr' id='par_1_3' title="bbox 572 976 3138 1067">
     <span class='ocr_line' id='line_1_4' title="bbox 572 976 3138 1067; baseline 0.001 -24"><span class='ocrx_word' id='word_1_8' title='bbox 572 976 829 1043; x_wconf 84' lang='lat' dir='ltr'>Coram</span> <span class='ocrx_word' id='word_1_9' title='bbox 877 977 1211 1043; x_wconf 83' lang='lat' dir='ltr'>Ladislao</span> <span class='ocrx_word' id='word_1_10' title='bbox 1247 977 1409 1063; x_wconf 79' lang='lat' dir='ltr'>filio</span> <span class='ocrx_word' id='word_1_11' title='bbox 1470 977 1827 1043; x_wconf 79' lang='lat' dir='ltr'>Valentini</span> <span class='ocrx_word' id='word_1_12' title='bbox 1894 979 2142 1045; x_wconf 80' lang='lat' dir='ltr'><em>comite</em></span> <span class='ocrx_word' id='word_1_13' title='bbox 2208 980 2529 1045; x_wconf 79' lang='lat' dir='ltr'><em>terrestri</em></span> <span class='ocrx_word' id='word_1_14' title='bbox 2579 979 2830 1065; x_wconf 83' lang='lat' dir='ltr'>Campi</span> <span class='ocrx_word' id='word_1_15' title='bbox 2875 980 3138 1067; x_wconf 80' lang='lat' dir='ltr'>Zagra-</span> 
     </span>
    </p>

    <p class='ocr_par' dir='ltr' id='par_1_4' title="bbox 568 1085 3136 1174">
     <span class='ocr_line' id='line_1_5' title="bbox 568 1085 3136 1174; baseline 0.002 -24"><span class='ocrx_word' id='word_1_16' title='bbox 568 1086 848 1165; x_wconf 76' lang='lat' dir='ltr'>biensiS‚</span> <span class='ocrx_word' id='word_1_17' title='bbox 884 1086 1233 1152; x_wconf 82' lang='lat' dir='ltr'>Lucasius</span> <span class='ocrx_word' id='word_1_18' title='bbox 1264 1108 1421 1151; x_wconf 85' lang='lat' dir='ltr'>cum</span> <span class='ocrx_word' id='word_1_19' title='bbox 1460 1085 1653 1170; x_wconf 85' lang='lat' dir='ltr'>filiis</span> <span class='ocrx_word' id='word_1_20' title='bbox 1682 1088 1855 1165; x_wconf 83' lang='lat' dir='ltr'>suis,</span> <span class='ocrx_word' id='word_1_21' title='bbox 1897 1085 2305 1172; x_wconf 77' lang='lat' dir='ltr'>Gregorius,</span> <span class='ocrx_word' id='word_1_22' title='bbox 2339 1087 2594 1153; x_wconf 81' lang='lat' dir='ltr'>Petrus</span> <span class='ocrx_word' id='word_1_23' title='bbox 2623 1090 2690 1151; x_wconf 82' lang='lat' dir='ltr'>et</span> <span class='ocrx_word' id='word_1_24' title='bbox 2720 1087 3136 1174; x_wconf 79' lang='lat' dir='ltr'>Stephanus,</span> 
     </span>
    </p>

    <p class='ocr_par' dir='ltr' id='par_1_5' title="bbox 567 1192 3140 1281">
     <span class='ocr_line' id='line_1_6' title="bbox 567 1192 3140 1281; baseline 0.002 -23"><span class='ocrx_word' id='word_1_25' title='bbox 567 1192 830 1259; x_wconf 83' lang='lat' dir='ltr'>nobiles</span> <span class='ocrx_word' id='word_1_26' title='bbox 899 1193 1299 1281; x_wconf 72' lang='lat' dir='ltr'>iobagiones</span> <span class='ocrx_word' id='word_1_27' title='bbox 1342 1194 1425 1259; x_wconf 81' lang='lat' dir='ltr'>de</span> <span class='ocrx_word' id='word_1_28' title='bbox 1472 1193 1896 1279; x_wconf 79' lang='lat' dir='ltr'>Korylowch,</span> <span class='ocrx_word' id='word_1_29' title='bbox 1967 1194 2319 1279; x_wconf 82' lang='lat' dir='ltr'>quandam</span> <span class='ocrx_word' id='word_1_30' title='bbox 2364 1194 2744 1259; x_wconf 78' lang='lat' dir='ltr'><strong><em>sessionem</em></strong></span> <span class='ocrx_word' id='word_1_31' title='bbox 2806 1217 3012 1261; x_wconf 82' lang='lat' dir='ltr'>suam</span> <span class='ocrx_word' id='word_1_32' title='bbox 3060 1199 3140 1263; x_wconf 84' lang='lat' dir='ltr'>in</span> 
     </span>
    </p>

    <p class='ocr_par' dir='ltr' id='par_1_6' title="bbox 567 1300 3140 1495">
     <span class='ocr_line' id='line_1_7' title="bbox 567 1300 3140 1389; baseline 0.002 -24"><span class='ocrx_word' id='word_1_33' title='bbox 567 1300 802 1366; x_wconf 78' lang='lat' dir='ltr'>eadem</span> <span class='ocrx_word' id='word_1_34' title='bbox 873 1301 1279 1389; x_wconf 77' lang='lat' dir='ltr'>Korylowclz</span> <span class='ocrx_word' id='word_1_35' title='bbox 1346 1302 1583 1379; x_wconf 81' lang='lat' dir='ltr'>sitam,</span> <span class='ocrx_word' id='word_1_36' title='bbox 1654 1300 1885 1365; x_wconf 83' lang='lat' dir='ltr'>tribus</span> <span class='ocrx_word' id='word_1_37' title='bbox 1940 1301 2250 1387; x_wconf 83' lang='lat' dir='ltr'>florenis</span> <span class='ocrx_word' id='word_1_38' title='bbox 2313 1302 2558 1367; x_wconf 82' lang='lat' dir='ltr'>aureis</span> <span class='ocrx_word' id='word_1_39' title='bbox 2631 1302 3026 1371; x_wconf 80' lang='lat' dir='ltr'>Chernkom&#39;</span> <span class='ocrx_word' id='word_1_40' title='bbox 3075 1308 3140 1371; x_wconf 84' lang='lat' dir='ltr'>et</span> 
     </span>
     <span class='ocr_line' id='line_1_8' title="bbox 1380 1410 2318 1495; baseline -0.001 -19"><span class='ocrx_word' id='word_1_41' title='bbox 1380 1410 1573 1495; x_wconf 84' lang='lat' dir='ltr'>filiis</span> <span class='ocrx_word' id='word_1_42' title='bbox 1617 1410 1947 1490; x_wconf 78' lang='lat' dir='ltr'>eiusdem,</span> <span class='ocrx_word' id='word_1_43' title='bbox 1994 1410 2318 1477; x_wconf 81' lang='lat' dir='ltr'>vendunt.</span> 
     </span>
    </p>
   </div>
   <div class='ocr_carea' id='block_1_4' title="bbox 569 1576 3226 4137">
    <p class='ocr_par' dir='ltr' id='par_1_7' title="bbox 569 1576 3226 4137">
     <span class='ocr_line' id='line_1_9' title="bbox 785 1576 3138 1658; baseline 0.001 -22"><span class='ocrx_word' id='word_1_44' title='bbox 785 1577 918 1636; x_wconf 90' lang='lat' dir='ltr'>Nos</span> <span class='ocrx_word' id='word_1_45' title='bbox 981 1576 1312 1636; x_wconf 89' lang='lat' dir='ltr'>Ladislaus</span> <span class='ocrx_word' id='word_1_46' title='bbox 1381 1576 1544 1637; x_wconf 90' lang='lat' dir='ltr'>filius</span> <span class='ocrx_word' id='word_1_47' title='bbox 1593 1576 1906 1635; x_wconf 87' lang='lat' dir='ltr'>Valentini</span> <span class='ocrx_word' id='word_1_48' title='bbox 1962 1595 2174 1636; x_wconf 89' lang='lat' dir='ltr'>comes</span> <span class='ocrx_word' id='word_1_49' title='bbox 2243 1577 2555 1639; x_wconf 90' lang='lat' dir='ltr'>terrestris</span> <span class='ocrx_word' id='word_1_50' title='bbox 2603 1577 2832 1656; x_wconf 90' lang='lat' dir='ltr'>Campi</span> <span class='ocrx_word' id='word_1_51' title='bbox 2899 1577 3138 1658; x_wconf 86' lang='lat' dir='ltr'>Zagra-</span> 
     </span>
     <span class='ocr_line' id='line_1_10' title="bbox 569 1683 3140 1766; baseline 0.001 -23"><span class='ocrx_word' id='word_1_52' title='bbox 569 1683 804 1743; x_wconf 88' lang='lat' dir='ltr'>biensis</span> <span class='ocrx_word' id='word_1_53' title='bbox 852 1683 1151 1743; x_wconf 88' lang='lat' dir='ltr'><strong>memorie</strong></span> <span class='ocrx_word' id='word_1_54' title='bbox 1186 1684 1698 1743; x_wconf 89' lang='lat' dir='ltr'>commendantes</span> <span class='ocrx_word' id='word_1_55' title='bbox 1744 1690 1962 1743; x_wconf 93' lang='lat' dir='ltr'>tenore</span> <span class='ocrx_word' id='word_1_56' title='bbox 1995 1685 2390 1761; x_wconf 90' lang='lat' dir='ltr'>presencium</span> <span class='ocrx_word' id='word_1_57' title='bbox 2436 1686 2867 1766; x_wconf 87' lang='lat' dir='ltr'>significamus</span> <span class='ocrx_word' id='word_1_58' title='bbox 2914 1686 3140 1764; x_wconf 90' lang='lat' dir='ltr'>quibus</span> 
     </span>
     <span class='ocr_line' id='line_1_11' title="bbox 572 1788 3142 1874; baseline 0.001 -23"><span class='ocrx_word' id='word_1_59' title='bbox 572 1792 822 1870; x_wconf 84' lang='lat' dir='ltr'>expedit</span> <span class='ocrx_word' id='word_1_60' title='bbox 868 1792 1193 1866; x_wconf 89' lang='lat' dir='ltr'>vniuersis,</span> <span class='ocrx_word' id='word_1_61' title='bbox 1255 1792 1423 1870; x_wconf 91' lang='lat' dir='ltr'>quod</span> <span class='ocrx_word' id='word_1_62' title='bbox 1470 1792 1774 1851; x_wconf 91' lang='lat' dir='ltr'>Lucasius</span> <span class='ocrx_word' id='word_1_63' title='bbox 1822 1791 1985 1851; x_wconf 91' lang='lat' dir='ltr'>filius</span> <span class='ocrx_word' id='word_1_64' title='bbox 2031 1788 2318 1867; x_wconf 77' lang='lat' dir='ltr'>Synrsa,¹</span> <span class='ocrx_word' id='word_1_65' title='bbox 2381 1793 2604 1855; x_wconf 91' lang='lat' dir='ltr'>nobilis</span> <span class='ocrx_word' id='word_1_66' title='bbox 2651 1794 2906 1874; x_wconf 87' lang='lat' dir='ltr'>iobagio</span> <span class='ocrx_word' id='word_1_67' title='bbox 2954 1794 3142 1854; x_wconf 86' lang='lat' dir='ltr'>castri</span> 
     </span>
     <span class='ocr_line' id='line_1_12' title="bbox 573 1898 3141 1979; baseline 0.001 -21"><span class='ocrx_word' id='word_1_68' title='bbox 573 1899 653 1958; x_wconf 90' lang='lat' dir='ltr'>de</span> <span class='ocrx_word' id='word_1_69' title='bbox 700 1899 1082 1976; x_wconf 87' lang='lat' dir='ltr'>Korylowoh</span> <span class='ocrx_word' id='word_1_70' title='bbox 1130 1918 1206 1959; x_wconf 89' lang='lat' dir='ltr'>ac</span> <span class='ocrx_word' id='word_1_71' title='bbox 1251 1899 1549 1959; x_wconf 90' lang='lat' dir='ltr'>Nicolaus</span> <span class='ocrx_word' id='word_1_72' title='bbox 1598 1908 1662 1959; x_wconf 91' lang='lat' dir='ltr'>et</span> <span class='ocrx_word' id='word_1_73' title='bbox 1708 1898 2025 1979; x_wconf 85' lang='lat' dir='ltr'>Georgius</span> <span class='ocrx_word' id='word_1_74' title='bbox 2079 1898 2186 1959; x_wconf 89' lang='lat' dir='ltr'>filii</span> <span class='ocrx_word' id='word_1_75' title='bbox 2235 1900 2516 1961; x_wconf 89' lang='lat' dir='ltr'>eiusdem</span> <span class='ocrx_word' id='word_1_76' title='bbox 2563 1901 2830 1976; x_wconf 90' lang='lat' dir='ltr'>Lucasii,</span> <span class='ocrx_word' id='word_1_77' title='bbox 2896 1920 3141 1961; x_wconf 89' lang='lat' dir='ltr'>necnon</span> 
     </span>
     <span class='ocr_line' id='line_1_13' title="bbox 573 2005 3138 2086; baseline 0.001 -21"><span class='ocrx_word' id='word_1_78' title='bbox 573 2005 935 2086; x_wconf 81' lang='lat' dir='ltr'>GregoriuS,</span> <span class='ocrx_word' id='word_1_79' title='bbox 983 2007 1207 2067; x_wconf 88' lang='lat' dir='ltr'>Petrus</span> <span class='ocrx_word' id='word_1_80' title='bbox 1255 2015 1317 2065; x_wconf 91' lang='lat' dir='ltr'>et</span> <span class='ocrx_word' id='word_1_81' title='bbox 1362 2007 1719 2085; x_wconf 85' lang='lat' dir='ltr'>Stephanus</span> <span class='ocrx_word' id='word_1_82' title='bbox 1764 2005 1873 2065; x_wconf 89' lang='lat' dir='ltr'>filii</span> <span class='ocrx_word' id='word_1_83' title='bbox 1903 2006 2222 2067; x_wconf 83' lang='lat' dir='ltr'>Gerdalka</span> <span class='ocrx_word' id='word_1_84' title='bbox 2269 2008 2349 2067; x_wconf 89' lang='lat' dir='ltr'>de</span> <span class='ocrx_word' id='word_1_85' title='bbox 2397 2008 2564 2069; x_wconf 90' lang='lat' dir='ltr'>dicta</span> <span class='ocrx_word' id='word_1_86' title='bbox 2609 2009 3006 2086; x_wconf 87' lang='lat' dir='ltr'>Korylowch,</span> <span class='ocrx_word' id='word_1_87' title='bbox 3057 2009 3138 2068; x_wconf 91' lang='lat' dir='ltr'>ad</span> 
     </span>
     <span class='ocr_line' id='line_1_14' title="bbox 572 2102 3138 2192; baseline 0.001 -19"><span class='ocrx_word' id='word_1_88' title='bbox 572 2121 851 2173; x_wconf 89' lang='lat' dir='ltr'>nostram</span> <span class='ocrx_word' id='word_1_89' title='bbox 897 2114 1308 2192; x_wconf 86' lang='lat' dir='ltr'>personaliter</span> <span class='ocrx_word' id='word_1_90' title='bbox 1370 2114 1694 2173; x_wconf 81' lang='lat' dir='ltr'>venientes</span> <span class='ocrx_word' id='word_1_91' title='bbox 1742 2114 2153 2192; x_wconf 86' lang='lat' dir='ltr'>presenciam,</span> <span class='ocrx_word' id='word_1_92' title='bbox 2213 2116 2484 2176; x_wconf 87' lang='lat' dir='ltr'>confessi</span> <span class='ocrx_word' id='word_1_93' title='bbox 2531 2102 2677 2176; x_wconf 83' lang='lat' dir='ltr'>sunt</span> <span class='ocrx_word' id='word_1_94' title='bbox 2731 2136 2946 2177; x_wconf 90' lang='lat' dir='ltr'>eorum</span> <span class='ocrx_word' id='word_1_95' title='bbox 2993 2116 3138 2176; x_wconf 87' lang='lat' dir='ltr'>viue</span> 
     </span>
     <span class='ocr_line' id='line_1_15' title="bbox 571 2221 3139 2305; baseline 0.001 -24"><span class='ocrx_word' id='word_1_96' title='bbox 571 2221 745 2282; x_wconf 91' lang='lat' dir='ltr'>vocis</span> <span class='ocrx_word' id='word_1_97' title='bbox 792 2224 1044 2282; x_wconf 91' lang='lat' dir='ltr'>oraculo</span> <span class='ocrx_word' id='word_1_98' title='bbox 1092 2222 1155 2282; x_wconf 90' lang='lat' dir='ltr'>in</span> <span class='ocrx_word' id='word_1_99' title='bbox 1203 2223 1367 2281; x_wconf 90' lang='lat' dir='ltr'>hunc</span> <span class='ocrx_word' id='word_1_100' title='bbox 1415 2223 1687 2297; x_wconf 89' lang='lat' dir='ltr'>modum,</span> <span class='ocrx_word' id='word_1_101' title='bbox 1736 2223 1904 2301; x_wconf 92' lang='lat' dir='ltr'>quod</span> <span class='ocrx_word' id='word_1_102' title='bbox 1952 2222 2071 2299; x_wconf 87' lang='lat' dir='ltr'>ipsi</span> <span class='ocrx_word' id='word_1_103' title='bbox 2103 2224 2420 2301; x_wconf 89' lang='lat' dir='ltr'>quandam</span> <span class='ocrx_word' id='word_1_104' title='bbox 2469 2225 2816 2285; x_wconf 83' lang='lat' dir='ltr'>sessionem</span> <span class='ocrx_word' id='word_1_105' title='bbox 2861 2224 3139 2305; x_wconf 87' lang='lat' dir='ltr'>ipsorum</span> 
     </span>
     <span class='ocr_line' id='line_1_16' title="bbox 577 2330 3138 2409; baseline 0.001 -20"><span class='ocrx_word' id='word_1_106' title='bbox 577 2349 769 2389; x_wconf 90' lang='lat' dir='ltr'>vnam</span> <span class='ocrx_word' id='word_1_107' title='bbox 816 2337 984 2389; x_wconf 91' lang='lat' dir='ltr'>meet</span> <span class='ocrx_word' id='word_1_108' title='bbox 1028 2330 1090 2389; x_wconf 89' lang='lat' dir='ltr'>in</span> <span class='ocrx_word' id='word_1_109' title='bbox 1138 2350 1207 2390; x_wconf 89' lang='lat' dir='ltr'>se</span> <span class='ocrx_word' id='word_1_110' title='bbox 1269 2330 1707 2405; x_wconf 90' lang='lat' dir='ltr'>continentem,</span> <span class='ocrx_word' id='word_1_111' title='bbox 1758 2330 1820 2389; x_wconf 91' lang='lat' dir='ltr'>in</span> <span class='ocrx_word' id='word_1_112' title='bbox 1867 2330 2036 2391; x_wconf 90' lang='lat' dir='ltr'>dicta</span> <span class='ocrx_word' id='word_1_113' title='bbox 2082 2332 2464 2409; x_wconf 88' lang='lat' dir='ltr'>Korylowch</span> <span class='ocrx_word' id='word_1_114' title='bbox 2509 2333 2572 2392; x_wconf 91' lang='lat' dir='ltr'>in</span> <span class='ocrx_word' id='word_1_115' title='bbox 2620 2332 2934 2392; x_wconf 84' lang='lat' dir='ltr'>vicinitate</span> <span class='ocrx_word' id='word_1_116' title='bbox 2983 2331 3138 2391; x_wconf 90' lang='lat' dir='ltr'>curi-</span> 
     </span>
     <span class='ocr_line' id='line_1_17' title="bbox 576 2436 3139 2519; baseline 0.001 -23"><span class='ocrx_word' id='word_1_117' title='bbox 576 2456 756 2496; x_wconf 88' lang='lat' dir='ltr'>arum</span> <span class='ocrx_word' id='word_1_118' title='bbox 803 2436 1100 2496; x_wconf 88' lang='lat' dir='ltr'>Chernko</span> <span class='ocrx_word' id='word_1_119' title='bbox 1160 2436 1268 2496; x_wconf 90' lang='lat' dir='ltr'>filii</span> <span class='ocrx_word' id='word_1_120' title='bbox 1336 2438 1627 2499; x_wconf 88' lang='lat' dir='ltr'>Iohannis</span> <span class='ocrx_word' id='word_1_121' title='bbox 1676 2456 1750 2497; x_wconf 89' lang='lat' dir='ltr'>ac</span> <span class='ocrx_word' id='word_1_122' title='bbox 1800 2437 2044 2497; x_wconf 91' lang='lat' dir='ltr'>Thorne</span> <span class='ocrx_word' id='word_1_123' title='bbox 2105 2437 2214 2498; x_wconf 84' lang='lat' dir='ltr'>filii</span> <span class='ocrx_word' id='word_1_124' title='bbox 2260 2438 2546 2519; x_wconf 83' lang='lat' dir='ltr'>Emerici,</span> <span class='ocrx_word' id='word_1_125' title='bbox 2618 2439 2914 2499; x_wconf 91' lang='lat' dir='ltr'>nobilium</span> <span class='ocrx_word' id='word_1_126' title='bbox 2968 2439 3139 2499; x_wconf 89' lang='lat' dir='ltr'>ioba-</span> 
     </span>
     <span class='ocr_line' id='line_1_18' title="bbox 575 2530 3142 2625; baseline 0 -21"><span class='ocrx_word' id='word_1_127' title='bbox 575 2545 834 2625; x_wconf 82' lang='lat' dir='ltr'>gionum</span> <span class='ocrx_word' id='word_1_128' title='bbox 902 2544 1089 2604; x_wconf 89' lang='lat' dir='ltr'>castri</span> <span class='ocrx_word' id='word_1_129' title='bbox 1136 2546 1214 2604; x_wconf 92' lang='lat' dir='ltr'>de</span> <span class='ocrx_word' id='word_1_130' title='bbox 1263 2545 1428 2604; x_wconf 87' lang='lat' dir='ltr'>dicta</span> <span class='ocrx_word' id='word_1_131' title='bbox 1475 2544 1853 2622; x_wconf 87' lang='lat' dir='ltr'>Korylowch</span> <span class='ocrx_word' id='word_1_132' title='bbox 1922 2545 2198 2605; x_wconf 85' lang='lat' dir='ltr'>habitam</span> <span class='ocrx_word' id='word_1_133' title='bbox 2251 2552 2314 2605; x_wconf 93' lang='lat' dir='ltr'>et</span> <span class='ocrx_word' id='word_1_134' title='bbox 2360 2546 2746 2621; x_wconf 86' lang='lat' dir='ltr'>existentem,</span> <span class='ocrx_word' id='word_1_135' title='bbox 2813 2530 3142 2606; x_wconf 82' lang='lat' dir='ltr'>simulcum</span> 
     </span>
     <span class='ocr_line' id='line_1_19' title="bbox 576 2652 3144 2730; baseline 0 -18"><span class='ocrx_word' id='word_1_136' title='bbox 576 2652 939 2713; x_wconf 86' lang='lat' dir='ltr'>vtilitatibus</span> <span class='ocrx_word' id='word_1_137' title='bbox 1008 2660 1071 2712; x_wconf 91' lang='lat' dir='ltr'>et</span> <span class='ocrx_word' id='word_1_138' title='bbox 1129 2652 1529 2730; x_wconf 88' lang='lat' dir='ltr'>pertinenciis</span> <span class='ocrx_word' id='word_1_139' title='bbox 1599 2652 1881 2712; x_wconf 88' lang='lat' dir='ltr'>eiusdem</span> <span class='ocrx_word' id='word_1_140' title='bbox 1927 2653 2256 2729; x_wconf 82' lang='lat' dir='ltr'>vniuersiS,</span> <span class='ocrx_word' id='word_1_141' title='bbox 2310 2652 2514 2713; x_wconf 90' lang='lat' dir='ltr'>eidem</span> <span class='ocrx_word' id='word_1_142' title='bbox 2578 2653 2960 2730; x_wconf 88' lang='lat' dir='ltr'>Chernkony</span> <span class='ocrx_word' id='word_1_143' title='bbox 3016 2652 3144 2712; x_wconf 90' lang='lat' dir='ltr'>filio</span> 
     </span>
     <span class='ocr_line' id='line_1_20' title="bbox 575 2750 3226 2839; baseline -0.001 -18"><span class='ocrx_word' id='word_1_144' title='bbox 575 2760 867 2821; x_wconf 87' lang='lat' dir='ltr'>Iohannis</span> <span class='ocrx_word' id='word_1_145' title='bbox 902 2780 976 2823; x_wconf 89' lang='lat' dir='ltr'>ac</span> <span class='ocrx_word' id='word_1_146' title='bbox 1008 2760 1218 2820; x_wconf 85' lang='lat' dir='ltr'>Blasio</span> <span class='ocrx_word' id='word_1_147' title='bbox 1252 2768 1314 2820; x_wconf 85' lang='lat' dir='ltr'>et</span> <span class='ocrx_word' id='word_1_148' title='bbox 1344 2760 1604 2821; x_wconf 88' lang='lat' dir='ltr'>Iohanni</span> <span class='ocrx_word' id='word_1_149' title='bbox 1648 2760 1789 2820; x_wconf 89' lang='lat' dir='ltr'>filiis</span> <span class='ocrx_word' id='word_1_150' title='bbox 1825 2760 1972 2820; x_wconf 90' lang='lat' dir='ltr'>dicti</span> <span class='ocrx_word' id='word_1_151' title='bbox 2020 2758 2317 2820; x_wconf 89' lang='lat' dir='ltr'>Chernko</span> <span class='ocrx_word' id='word_1_152' title='bbox 2351 2762 2430 2820; x_wconf 91' lang='lat' dir='ltr'>de</span> <span class='ocrx_word' id='word_1_153' title='bbox 2461 2760 2706 2839; x_wconf 87' lang='lat' dir='ltr'>prefata</span> <span class='ocrx_word' id='word_1_154' title='bbox 2751 2760 3144 2837; x_wconf 88' lang='lat' dir='ltr'>Korylowcz,</span> <span class='ocrx_word' id='word_1_155' title='bbox 3221 2750 3226 2755; x_wconf 62' lang='grc'><em>’</em></span> 
     </span>
     <span class='ocr_line' id='line_1_21' title="bbox 577 2866 3142 2947; baseline -0 -20"><span class='ocrx_word' id='word_1_156' title='bbox 577 2887 651 2928; x_wconf 90' lang='lat' dir='ltr'>ac</span> <span class='ocrx_word' id='word_1_157' title='bbox 697 2868 976 2947; x_wconf 90' lang='lat' dir='ltr'>ipsorum</span> <span class='ocrx_word' id='word_1_158' title='bbox 1021 2869 1358 2929; x_wconf 91' lang='lat' dir='ltr'>heredibus</span> <span class='ocrx_word' id='word_1_159' title='bbox 1404 2869 1835 2947; x_wconf 87' lang='lat' dir='ltr'>heredumque</span> <span class='ocrx_word' id='word_1_160' title='bbox 1880 2869 2158 2947; x_wconf 89' lang='lat' dir='ltr'>ipsorum</span> <span class='ocrx_word' id='word_1_161' title='bbox 2191 2868 2661 2929; x_wconf 88' lang='lat' dir='ltr'>successoribus</span> <span class='ocrx_word' id='word_1_162' title='bbox 2711 2876 2772 2928; x_wconf 86' lang='lat' dir='ltr'>et</span> <span class='ocrx_word' id='word_1_163' title='bbox 2817 2866 3142 2945; x_wconf 90' lang='lat' dir='ltr'>posterita-</span> 
     </span>
     <span class='ocr_line' id='line_1_22' title="bbox 573 2974 3144 3056; baseline -0.001 -21"><span class='ocrx_word' id='word_1_164' title='bbox 573 2975 739 3035; x_wconf 88' lang='lat' dir='ltr'>tibus</span> <span class='ocrx_word' id='word_1_165' title='bbox 802 2976 1127 3051; x_wconf 89' lang='lat' dir='ltr'>vniuersis,</span> <span class='ocrx_word' id='word_1_166' title='bbox 1190 2995 1303 3055; x_wconf 93' lang='lat' dir='ltr'>pro</span> <span class='ocrx_word' id='word_1_167' title='bbox 1367 2976 1564 3036; x_wconf 90' lang='lat' dir='ltr'>tribus</span> <span class='ocrx_word' id='word_1_168' title='bbox 1610 2977 1865 3037; x_wconf 86' lang='lat' dir='ltr'>florenis</span> <span class='ocrx_word' id='word_1_169' title='bbox 1929 2976 2138 3036; x_wconf 90' lang='lat' dir='ltr'>aureis</span> <span class='ocrx_word' id='word_1_170' title='bbox 2201 2978 2400 3056; x_wconf 88' lang='lat' dir='ltr'>plene,</span> <span class='ocrx_word' id='word_1_171' title='bbox 2465 2985 2533 3035; x_wconf 84' lang='lat' dir='ltr'>vt</span> <span class='ocrx_word' id='word_1_172' title='bbox 2579 2975 2727 3035; x_wconf 90' lang='lat' dir='ltr'>dicti</span> <span class='ocrx_word' id='word_1_173' title='bbox 2789 2974 3144 3034; x_wconf 88' lang='lat' dir='ltr'>venditores</span> 
     </span>
     <span class='ocr_line' id='line_1_23' title="bbox 572 3078 3146 3163; baseline -0.001 -20"><span class='ocrx_word' id='word_1_174' title='bbox 572 3078 999 3159; x_wconf 84' lang='lat' dir='ltr'>asseruerunt,</span> <span class='ocrx_word' id='word_1_175' title='bbox 1066 3086 1145 3145; x_wconf 85' lang='lat' dir='ltr'>ab</span> <span class='ocrx_word' id='word_1_176' title='bbox 1203 3084 1438 3145; x_wconf 89' lang='lat' dir='ltr'>eisdem</span> <span class='ocrx_word' id='word_1_177' title='bbox 1509 3084 1737 3145; x_wconf 90' lang='lat' dir='ltr'>habitis</span> <span class='ocrx_word' id='word_1_178' title='bbox 1787 3092 1850 3144; x_wconf 92' lang='lat' dir='ltr'>et</span> <span class='ocrx_word' id='word_1_179' title='bbox 1896 3085 2164 3163; x_wconf 89' lang='lat' dir='ltr'>receptis</span> <span class='ocrx_word' id='word_1_180' title='bbox 2230 3083 2673 3159; x_wconf 82' lang='lat' dir='ltr'>vendidissent,</span> <span class='ocrx_word' id='word_1_181' title='bbox 2742 3082 3146 3142; x_wconf 87' lang='lat' dir='ltr'>tradidissent</span> 
     </span>
     <span class='ocr_line' id='line_1_24' title="bbox 575 3189 3142 3271; baseline -0.001 -20"><span class='ocrx_word' id='word_1_182' title='bbox 575 3199 637 3251; x_wconf 91' lang='lat' dir='ltr'>et</span> <span class='ocrx_word' id='word_1_183' title='bbox 708 3191 1157 3271; x_wconf 87' lang='lat' dir='ltr'>assignassent,</span> <span class='ocrx_word' id='word_1_184' title='bbox 1226 3192 1416 3252; x_wconf 89' lang='lat' dir='ltr'>immo</span> <span class='ocrx_word' id='word_1_185' title='bbox 1487 3212 1565 3253; x_wconf 84' lang='lat' dir='ltr'>ex</span> <span class='ocrx_word' id='word_1_186' title='bbox 1618 3210 1929 3253; x_wconf 89' lang='lat' dir='ltr'>consensu</span> <span class='ocrx_word' id='word_1_187' title='bbox 1993 3200 2054 3251; x_wconf 91' lang='lat' dir='ltr'>et</span> <span class='ocrx_word' id='word_1_188' title='bbox 2113 3198 2464 3270; x_wconf 88' lang='lat' dir='ltr'>spontanea</span> <span class='ocrx_word' id='word_1_189' title='bbox 2532 3191 2848 3250; x_wconf 88' lang='lat' dir='ltr'>voluntate</span> <span class='ocrx_word' id='word_1_190' title='bbox 2918 3189 3142 3268; x_wconf 81' lang='lat' dir='ltr'>prefati</span> 
     </span>
     <span class='ocr_line' id='line_1_25' title="bbox 576 3297 3142 3377; baseline -0.001 -20"><span class='ocrx_word' id='word_1_191' title='bbox 576 3299 818 3359; x_wconf 92' lang='lat' dir='ltr'>Thome</span> <span class='ocrx_word' id='word_1_192' title='bbox 888 3299 1073 3359; x_wconf 87' lang='lat' dir='ltr'>vicini</span> <span class='ocrx_word' id='word_1_193' title='bbox 1120 3319 1195 3359; x_wconf 85' lang='lat' dir='ltr'>ac</span> <span class='ocrx_word' id='word_1_194' title='bbox 1258 3301 1517 3360; x_wconf 82' lang='lat' dir='ltr'>aliorum</span> <span class='ocrx_word' id='word_1_195' title='bbox 1582 3299 1860 3359; x_wconf 90' lang='lat' dir='ltr'>omnium</span> <span class='ocrx_word' id='word_1_196' title='bbox 1928 3300 2352 3377; x_wconf 86' lang='lat' dir='ltr'>proximorum</span> <span class='ocrx_word' id='word_1_197' title='bbox 2410 3306 2474 3358; x_wconf 91' lang='lat' dir='ltr'>et</span> <span class='ocrx_word' id='word_1_198' title='bbox 2531 3297 3142 3377; x_wconf 88' lang='lat' dir='ltr'>consanguineorum</span> 
     </span>
     <span class='ocr_line' id='line_1_26' title="bbox 574 3406 3141 3487; baseline -0 -21"><span class='ocrx_word' id='word_1_199' title='bbox 574 3415 1061 3467; x_wconf 89' lang='lat' dir='ltr'>memoratorum</span> <span class='ocrx_word' id='word_1_200' title='bbox 1124 3409 1518 3468; x_wconf 88' lang='lat' dir='ltr'>venditorum</span> <span class='ocrx_word' id='word_1_201' title='bbox 1580 3408 2010 3481; x_wconf 89' lang='lat' dir='ltr'>vendiderunt,</span> <span class='ocrx_word' id='word_1_202' title='bbox 2076 3407 2464 3468; x_wconf 88' lang='lat' dir='ltr'>tradiderunt</span> <span class='ocrx_word' id='word_1_203' title='bbox 2529 3414 2592 3466; x_wconf 93' lang='lat' dir='ltr'>et</span> <span class='ocrx_word' id='word_1_204' title='bbox 2655 3406 3141 3487; x_wconf 86' lang='lat' dir='ltr'>assignauerunt</span> 
     </span>
     <span class='ocr_line' id='line_1_27' title="bbox 575 3514 3137 3595; baseline -0 -22"><span class='ocrx_word' id='word_1_205' title='bbox 575 3533 789 3573; x_wconf 91' lang='lat' dir='ltr'>coram</span> <span class='ocrx_word' id='word_1_206' title='bbox 850 3515 1030 3575; x_wconf 90' lang='lat' dir='ltr'>nobis</span> <span class='ocrx_word' id='word_1_207' title='bbox 1086 3515 1219 3575; x_wconf 87' lang='lat' dir='ltr'>iure</span> <span class='ocrx_word' id='word_1_208' title='bbox 1279 3524 1581 3595; x_wconf 89' lang='lat' dir='ltr'>perpetuo</span> <span class='ocrx_word' id='word_1_209' title='bbox 1631 3524 1694 3576; x_wconf 93' lang='lat' dir='ltr'>et</span> <span class='ocrx_word' id='word_1_210' title='bbox 1739 3514 2229 3576; x_wconf 86' lang='lat' dir='ltr'>irreuocabiliter</span> <span class='ocrx_word' id='word_1_211' title='bbox 2289 3514 2750 3593; x_wconf 89' lang='lat' dir='ltr'>possidendam,</span> <span class='ocrx_word' id='word_1_212' title='bbox 2798 3514 3137 3575; x_wconf 88' lang='lat' dir='ltr'>tenendam</span> 
     </span>
     <span class='ocr_line' id='line_1_28' title="bbox 572 3621 3136 3702; baseline -0.001 -20"><span class='ocrx_word' id='word_1_213' title='bbox 572 3621 809 3702; x_wconf 87' lang='lat' dir='ltr'>pariter</span> <span class='ocrx_word' id='word_1_214' title='bbox 853 3630 916 3682; x_wconf 90' lang='lat' dir='ltr'>et</span> <span class='ocrx_word' id='word_1_215' title='bbox 960 3624 1331 3684; x_wconf 87' lang='lat' dir='ltr'>habendam.</span> <span class='ocrx_word' id='word_1_216' title='bbox 1380 3625 1449 3683; x_wconf 93' lang='lat' dir='ltr'>In</span> <span class='ocrx_word' id='word_1_217' title='bbox 1495 3624 1670 3684; x_wconf 87' lang='lat' dir='ltr'>cuius</span> <span class='ocrx_word' id='word_1_218' title='bbox 1704 3624 1793 3685; x_wconf 92' lang='lat' dir='ltr'>rei</span> <span class='ocrx_word' id='word_1_219' title='bbox 1826 3623 2194 3684; x_wconf 88' lang='lat' dir='ltr'>memoriam</span> <span class='ocrx_word' id='word_1_220' title='bbox 2239 3622 2721 3699; x_wconf 88' lang='lat' dir='ltr'>firmitatemque</span> <span class='ocrx_word' id='word_1_221' title='bbox 2749 3627 3136 3699; x_wconf 88' lang='lat' dir='ltr'>perpetuam,</span> 
     </span>
     <span class='ocr_line' id='line_1_29' title="bbox 574 3726 3135 3811; baseline -0.002 -21"><span class='ocrx_word' id='word_1_222' title='bbox 574 3737 899 3809; x_wconf 89' lang='lat' dir='ltr'>presentes</span> <span class='ocrx_word' id='word_1_223' title='bbox 945 3730 1183 3791; x_wconf 88' lang='lat' dir='ltr'>litteras</span> <span class='ocrx_word' id='word_1_224' title='bbox 1216 3740 1462 3791; x_wconf 88' lang='lat' dir='ltr'>nostras</span> <span class='ocrx_word' id='word_1_225' title='bbox 1510 3731 1694 3811; x_wconf 85' lang='lat' dir='ltr'>sigilli</span> <span class='ocrx_word' id='word_1_226' title='bbox 1729 3730 2112 3809; x_wconf 90' lang='lat' dir='ltr'>appensione</span> <span class='ocrx_word' id='word_1_227' title='bbox 2160 3729 2590 3803; x_wconf 89' lang='lat' dir='ltr'>communitas,</span> <span class='ocrx_word' id='word_1_228' title='bbox 2627 3727 2866 3788; x_wconf 91' lang='lat' dir='ltr'>eisdem</span> <span class='ocrx_word' id='word_1_229' title='bbox 2896 3726 3135 3787; x_wconf 89' lang='lat' dir='ltr'>Chern-</span> 
     </span>
     <span class='ocr_line' id='line_1_30' title="bbox 574 3834 3140 3917; baseline -0.002 -19"><span class='ocrx_word' id='word_1_230' title='bbox 574 3840 744 3915; x_wconf 89' lang='lat' dir='ltr'>kony</span> <span class='ocrx_word' id='word_1_231' title='bbox 791 3848 855 3900; x_wconf 91' lang='lat' dir='ltr'>et</span> <span class='ocrx_word' id='word_1_232' title='bbox 898 3839 1038 3899; x_wconf 86' lang='lat' dir='ltr'>filiis</span> <span class='ocrx_word' id='word_1_233' title='bbox 1088 3839 1369 3899; x_wconf 89' lang='lat' dir='ltr'>eiusdem</span> <span class='ocrx_word' id='word_1_234' title='bbox 1422 3841 1711 3900; x_wconf 89' lang='lat' dir='ltr'>duximus</span> <span class='ocrx_word' id='word_1_235' title='bbox 1761 3840 2219 3899; x_wconf 83' lang='lat' dir='ltr'>concedendas,</span> <span class='ocrx_word' id='word_1_236' title='bbox 2313 3838 2545 3897; x_wconf 90' lang='lat' dir='ltr'>Datum</span> <span class='ocrx_word' id='word_1_237' title='bbox 2592 3836 2923 3917; x_wconf 88' lang='lat' dir='ltr'>Zagrabie,</span> <span class='ocrx_word' id='word_1_238' title='bbox 2982 3834 3140 3895; x_wconf 81' lang='lat' dir='ltr'>feria</span> 
     </span>
     <span class='ocr_line' id='line_1_31' title="bbox 575 3943 3137 4025; baseline -0.002 -18"><span class='ocrx_word' id='word_1_239' title='bbox 575 3947 854 4007; x_wconf 88' lang='lat' dir='ltr'>secunda</span> <span class='ocrx_word' id='word_1_240' title='bbox 913 3948 1196 4025; x_wconf 87' lang='lat' dir='ltr'>proxima</span> <span class='ocrx_word' id='word_1_241' title='bbox 1266 3955 1409 4008; x_wconf 90' lang='lat' dir='ltr'>ante</span> <span class='ocrx_word' id='word_1_242' title='bbox 1480 3948 1707 4009; x_wconf 89' lang='lat' dir='ltr'>festum</span> <span class='ocrx_word' id='word_1_243' title='bbox 1774 3948 1944 4008; x_wconf 92' lang='lat' dir='ltr'>beati</span> <span class='ocrx_word' id='word_1_244' title='bbox 2015 3948 2256 4007; x_wconf 91' lang='lat' dir='ltr'>Thome</span> <span class='ocrx_word' id='word_1_245' title='bbox 2319 3945 2601 4024; x_wconf 87' lang='lat' dir='ltr'>apostoli,</span> <span class='ocrx_word' id='word_1_246' title='bbox 2673 3964 2837 4004; x_wconf 87' lang='lat' dir='ltr'>anno</span> <span class='ocrx_word' id='word_1_247' title='bbox 2902 3943 3137 4003; x_wconf 89' lang='lat' dir='ltr'>domini</span> 
     </span>
     <span class='ocr_line' id='line_1_32' title="bbox 574 4056 2138 4137; baseline -0.001 -20"><span class='ocrx_word' id='word_1_248' title='bbox 574 4056 901 4117; x_wconf 86' lang='lat' dir='ltr'>millesimo</span> <span class='ocrx_word' id='word_1_249' title='bbox 949 4057 1386 4117; x_wconf 86' lang='lat' dir='ltr'>trecentesimo</span> <span class='ocrx_word' id='word_1_250' title='bbox 1434 4057 1846 4137; x_wconf 86' lang='lat' dir='ltr'>nonagesimo</span> <span class='ocrx_word' id='word_1_251' title='bbox 1894 4064 2138 4117; x_wconf 81' lang='lat' dir='ltr'>octauo,</span> 
     </span>
    </p>
   </div>
   <div class='ocr_carea' id='block_1_5' title="bbox 573 4190 3139 4354">
    <p class='ocr_par' dir='ltr' id='par_1_8' title="bbox 573 4190 3139 4354">
     <span class='ocr_line' id='line_1_33' title="bbox 786 4190 3139 4266; baseline -0.002 -15"><span class='ocrx_word' id='word_1_252' title='bbox 786 4198 829 4251; x_wconf 89' lang='lat' dir='ltr'>E</span> <span class='ocrx_word' id='word_1_253' title='bbox 865 4199 1218 4266; x_wconf 84' lang='lat' dir='ltr'>transumpto</span> <span class='ocrx_word' id='word_1_254' title='bbox 1256 4197 1402 4265; x_wconf 78' lang='lat' dir='ltr'>regis</span> <span class='ocrx_word' id='word_1_255' title='bbox 1440 4195 1710 4251; x_wconf 85' lang='lat' dir='ltr'>Ludovici</span> <span class='ocrx_word' id='word_1_256' title='bbox 1748 4211 1798 4249; x_wconf 80' lang='lat' dir='ltr'>a.</span> <span class='ocrx_word' id='word_1_257' title='bbox 1834 4194 1988 4250; x_wconf 82' lang='lat'>1520.</span> <span class='ocrx_word' id='word_1_258' title='bbox 2029 4194 2112 4249; x_wconf 87' lang='lat'>11.</span> <span class='ocrx_word' id='word_1_259' title='bbox 2140 4195 2297 4263; x_wconf 90' lang='lat' dir='ltr'>iunii,</span> <span class='ocrx_word' id='word_1_260' title='bbox 2338 4194 2488 4263; x_wconf 90' lang='lat' dir='ltr'>quod</span> <span class='ocrx_word' id='word_1_261' title='bbox 2526 4194 2728 4247; x_wconf 88' lang='lat' dir='ltr'>iterum</span> <span class='ocrx_word' id='word_1_262' title='bbox 2769 4190 3139 4261; x_wconf 81' lang='lat' dir='ltr'>transumpsit</span> 
     </span>
     <span class='ocr_line' id='line_1_34' title="bbox 573 4280 2921 4354; baseline -0.001 -14"><span class='ocrx_word' id='word_1_263' title='bbox 573 4285 722 4341; x_wconf 85' lang='lat' dir='ltr'>idem</span> <span class='ocrx_word' id='word_1_264' title='bbox 761 4303 861 4341; x_wconf 84' lang='lat' dir='ltr'>rex</span> <span class='ocrx_word' id='word_1_265' title='bbox 899 4303 947 4341; x_wconf 86' lang='lat' dir='ltr'>a.</span> <span class='ocrx_word' id='word_1_266' title='bbox 986 4284 1143 4341; x_wconf 77' lang='lat'><strong>1524.</strong></span> <span class='ocrx_word' id='word_1_267' title='bbox 1180 4284 1231 4341; x_wconf 74' lang='lat'>4.</span> <span class='ocrx_word' id='word_1_268' title='bbox 1271 4285 1597 4341; x_wconf 82' lang='lat' dir='ltr'>decembris.</span> <span class='ocrx_word' id='word_1_269' title='bbox 1636 4286 1699 4339; x_wconf 89' lang='lat' dir='ltr'>In</span> <span class='ocrx_word' id='word_1_270' title='bbox 1738 4284 1972 4339; x_wconf 84' lang='lat' dir='ltr'>archivo</span> <span class='ocrx_word' id='word_1_271' title='bbox 2000 4299 2283 4339; x_wconf 86' lang='lat' dir='ltr'>commun.</span> <span class='ocrx_word' id='word_1_272' title='bbox 2323 4284 2453 4338; x_wconf 90' lang='lat' dir='ltr'>nob.</span> <span class='ocrx_word' id='word_1_273' title='bbox 2494 4282 2564 4337; x_wconf 84' lang='lat' dir='ltr'>de</span> <span class='ocrx_word' id='word_1_274' title='bbox 2602 4280 2921 4354; x_wconf 85' lang='lat' dir='ltr'>Turopolje.</span> 
     </span>
    </p>
   </div>
   <div class='ocr_carea' id='block_1_6' title="bbox 573 4406 998 4415">
    <p class='ocr_par' dir='ltr' id='par_1_9' title="bbox 573 4406 998 4415">
     <span class='ocr_line' id='line_1_35' title="bbox 573 4406 998 4415; baseline 0 1177"><span class='ocrx_word' id='word_1_275' title='bbox 573 4406 998 4415; x_wconf 95' lang='lat' dir='ltr'> </span> 
     </span>
    </p>
   </div>
   <div class='ocr_carea' id='block_1_7' title="bbox 794 4466 943 4521">
    <p class='ocr_par' dir='ltr' id='par_1_10' title="bbox 794 4466 943 4521">
     <span class='ocr_line' id='line_1_36' title="bbox 794 4466 943 4521; baseline 0 0"><span class='ocrx_word' id='word_1_276' title='bbox 794 4466 807 4496; x_wconf 84' lang='lat'><strong>¹</strong></span> <span class='ocrx_word' id='word_1_277' title='bbox 845 4466 943 4521; x_wconf 81' lang='lat' dir='ltr'>sie.</span> 
     </span>
    </p>
   </div>
   <div class='ocr_carea' id='block_1_8' title="bbox 786 4552 1962 4800">
    <p class='ocr_par' dir='ltr' id='par_1_11' title="bbox 786 4552 1962 4800">
     <span class='ocr_line' id='line_1_37' title="bbox 1758 4552 1962 4624; baseline -0.005 -1"><span class='ocrx_word' id='word_1_278' title='bbox 1758 4552 1962 4624; x_wconf 70' lang='lat'>156.</span> 
     </span>
     <span class='ocr_line' id='line_1_38' title="bbox 786 4720 1957 4800; baseline 0 -19"><span class='ocrx_word' id='word_1_279' title='bbox 786 4722 971 4783; x_wconf 89' lang='lat' dir='ltr'>Anno</span> <span class='ocrx_word' id='word_1_280' title='bbox 1028 4720 1212 4782; x_wconf 88' lang='grc'><strong>1399.</strong></span> <span class='ocrx_word' id='word_1_281' title='bbox 1261 4720 1319 4782; x_wconf 93' lang='grc'>8.</span> <span class='ocrx_word' id='word_1_282' title='bbox 1368 4720 1532 4781; x_wconf 89' lang='lat' dir='ltr'>maii.</span> <span class='ocrx_word' id='word_1_283' title='bbox 1587 4720 1957 4800; x_wconf 85' lang='lat' dir='ltr'>Zagrabiae.</span> 
     </span>
    </p>
   </div>
   <div class='ocr_carea' id='block_1_9' title="bbox 574 4878 3134 5078">
    <p class='ocr_par' dir='ltr' id='par_1_12' title="bbox 574 4878 3134 5078">
     <span class='ocr_line' id='line_1_39' title="bbox 786 4878 3134 4963; baseline -0.003 -19"><span class='ocrx_word' id='word_1_284' title='bbox 786 4883 1083 4944; x_wconf 88' lang='lat' dir='ltr'>Nicolaus</span> <span class='ocrx_word' id='word_1_285' title='bbox 1131 4885 1209 4943; x_wconf 92' lang='lat' dir='ltr'>de</span> <span class='ocrx_word' id='word_1_286' title='bbox 1258 4883 1429 4944; x_wconf 89' lang='lat' dir='ltr'>Gara</span> <span class='ocrx_word' id='word_1_287' title='bbox 1477 4902 1817 4963; x_wconf 82' lang='lat' dir='ltr'>regnorum</span> <span class='ocrx_word' id='word_1_288' title='bbox 1884 4884 2274 4957; x_wconf 90' lang='lat' dir='ltr'>Sclauoniae,</span> <span class='ocrx_word' id='word_1_289' title='bbox 2331 4882 2679 4942; x_wconf 76' lang='lat' dir='ltr'>Dalmatiae</span> <span class='ocrx_word' id='word_1_290' title='bbox 2730 4889 2792 4941; x_wconf 91' lang='lat' dir='ltr'>et</span> <span class='ocrx_word' id='word_1_291' title='bbox 2838 4878 3134 4940; x_wconf 87' lang='lat' dir='ltr'>Croatiae</span> 
     </span>
     <span class='ocr_line' id='line_1_40' title="bbox 574 4989 3126 5078; baseline -0.005 -19"><span class='ocrx_word' id='word_1_292' title='bbox 574 4995 794 5073; x_wconf 87' lang='lat' dir='ltr'>banus,</span> <span class='ocrx_word' id='word_1_293' title='bbox 845 4992 1177 5059; x_wconf 85' lang='lat' dir='ltr'>terminum</span> <span class='ocrx_word' id='word_1_294' title='bbox 1223 4992 1283 5059; x_wconf 86' lang='lat' dir='ltr'>in</span> <span class='ocrx_word' id='word_1_295' title='bbox 1333 5011 1526 5057; x_wconf 82' lang='lat' dir='ltr'>causa</span> <span class='ocrx_word' id='word_1_296' title='bbox 1574 4991 1802 5059; x_wconf 82' lang='lat' dir='ltr'>civium</span> <span class='ocrx_word' id='word_1_297' title='bbox 1828 4990 2427 5078; x_wconf 85' lang='lat' dir='ltr'>Montisgrechensis</span> <span class='ocrx_word' id='word_1_298' title='bbox 2475 4998 2692 5053; x_wconf 87' lang='lat' dir='ltr'>contra</span> <span class='ocrx_word' id='word_1_299' title='bbox 2737 4989 3126 5067; x_wconf 87' lang='lat' dir='ltr'>Stephanum</span> 
     </span>
    </p>
   </div>
   <div class='ocr_carea' id='block_1_10' title="bbox 2955 5146 2988 5186">
    <p class='ocr_par' dir='ltr' id='par_1_13' title="bbox 2955 5146 2988 5186">
     <span class='ocr_line' id='line_1_41' title="bbox 2955 5146 2988 5186; baseline 0 -8"><span class='ocrx_word' id='word_1_300' title='bbox 2955 5146 2988 5186; x_wconf 70' lang='grc' dir='ltr'>ιιι</span> 
     </span>
    </p>
   </div>
  </div>
 </body>
</html>
