3917 5592
723 392 810 456 30

723 617 786 670 et
815 610 1040 670 Wlksa
1084 609 1210 669 filio
1243 610 1504 669 Marosk
1552 619 1823 689 cognato
1873 610 2215 668 eorundem
2249 610 2327 669 ab
2363 610 2573 682 altera,
2623 610 3057 689 iobagionibus
3099 611 3284 669 castri

722 716 1168 797 Zagrabiensis
1245 736 1456 777 coram
1515 716 1696 776 nobis
1765 716 2178 795 personaliter
2240 717 2603 790 constitutiS,
2674 718 2840 777 idem
2912 719 3163 778 Turcha
3226 729 3287 777 et

723 825 946 885 fratres
995 825 1093 885 sui
1140 826 1483 898 memorati,
1550 826 1770 885 decem
1817 824 2238 884 dimensiones
2307 834 2612 885 terrarum
2664 845 2877 886 eorum
2926 826 3286 886 hereditari-

726 953 903 993 arum
951 928 1220 993 werten¹
1265 934 1436 1013 wlgo
1485 934 1684 993 dictas
1735 932 1940 992 Obres
1988 942 2399 1011 nuncupata8‚
2456 934 2793 993 existentes
2841 934 3011 993 iuxta
3057 942 3287 993 terram

726 1041 1008 1101 eiusdem
1076 1042 1394 1120 Stephani,
1465 1043 1646 1103 metis
1696 1041 2061 1119 subscriptis
2133 1040 2473 1115 distinctaS,
2546 1042 2832 1101 dixerunt
2894 1050 2957 1101 et
3022 1042 3289 1102 confessi

727 1156 871 1208 sunt
919 1168 987 1208 se
1039 1148 1392 1209 vendidisse
1441 1159 1503 1209 et
1549 1149 1878 1209 tradidisse
1927 1148 2248 1227 Stephano
2297 1157 2360 1207 et
2404 1149 2615 1209 Blasio
2664 1148 3007 1223 antedictiS,
3072 1159 3134 1209 et
3180 1167 3291 1227 per

727 1276 836 1316 eos
885 1257 1014 1315 suis
1061 1256 1398 1316 heredibus
1452 1257 1878 1335 heredumque
1927 1256 2397 1317 successoribus
2467 1257 2652 1335 pleno
2702 1257 2833 1317 iure
2882 1267 2942 1317 et
2988 1265 3289 1336 perpetuo

727 1384 870 1425 cum
925 1364 1212 1424 omnibus
1284 1364 1645 1424 vtilitatibus
1694 1373 1755 1425 et
1801 1365 2197 1443 pertinenciis
2270 1366 2611 1425 earundem
2656 1360 2919 1425 terram²
2986 1364 3291 1427 vniuersis

728 1473 1160 1551 possidendaS‚
1207 1493 1320 1551 pro
1355 1474 1573 1533 decem
1621 1473 1834 1551 pensis
1882 1473 2283 1533 denariorum
2314 1473 2633 1533 banalium
2681 1472 2945 1550 receptis
2999 1472 3293 1551 plenarie,

727 1590 796 1641 vt
841 1581 1127 1641 dixerunt
1175 1583 1252 1641 ab
1302 1582 1556 1657 eisdem,
1605 1582 1955 1661 obligantes
1989 1581 2419 1641 nichilominus
2469 1600 2537 1641 se
2586 1582 2983 1659 expedituros
3031 1580 3295 1659 propriis

729 1688 1045 1749 laboribus
1093 1697 1155 1748 et
1205 1690 1495 1767 expensis
1563 1690 1953 1768 Stephanum
2002 1698 2063 1749 et
2110 1689 2389 1748 Blasium
2456 1689 2825 1763 nominatOS‚
2898 1708 2972 1748 ac
3018 1688 3295 1771 ipsorum

729 1798 995 1858 heredes
1061 1798 1138 1858 ab
1205 1799 1390 1873 omni,
1462 1818 1652 1876 quam
1725 1799 2058 1858 occasione
2129 1798 2290 1857 dicte
2360 1806 2527 1857 terre
2576 1804 2793 1857 contra
2858 1798 3114 1857 eosdem
3184 1817 3297 1876 per

730 1906 1087 1984 quempiam
1136 1906 1280 1965 oriri
1329 1906 1721 1986 contingeret
1767 1906 2111 1985 questione.
2168 1906 2381 1965 Astitit
2428 1905 2629 1965 eciam
2676 1906 2979 1985 magister
3025 1906 3292 1965 Germos

736 2014 1015 2074 notarius
1047 2014 1241 2087 Pauli,
1290 2014 1650 2075 viceiudicis
1684 2014 2131 2093 Zagrabiensis
2182 2014 2317 2074 vice
2351 2022 2413 2073 et
2444 2014 2695 2075 nomine
2743 2013 3025 2073 eiusdem
3056 2012 3293 2082 iudicis,

733 2122 966 2198 Tolyas
1015 2122 1177 2181 filius
1226 2122 1569 2198 Radothey,
1641 2122 1950 2199 Woyzlau
2000 2122 2159 2181 filius
2206 2122 2421 2198 Stoyk‚
2470 2122 2723 2201 cognati
2771 2129 2833 2179 et
2880 2121 3289 2181 commetanei

732 2237 861 2288 tam
906 2229 1301 2289 venditorum
1348 2249 1536 2309 quam
1585 2238 1934 2309 emptorum
1982 2229 2419 2307 predictorum,
2468 2230 2571 2308 qui
2619 2228 2895 2306 predicte
2944 2228 3294 2291 vendicioni

732 2357 914 2396 suum
963 2356 1339 2397 consensum
1388 2339 1877 2398 accomodarunt
1925 2346 1989 2397 et
2036 2356 2379 2397 assensum.
2438 2338 2778 2397 Terrarum
2826 2346 3036 2396 autem
3083 2337 3295 2396 vendi·

731 2453 935 2505 tarum
983 2455 1165 2521 mete,
1235 2455 1420 2525 prout
1467 2446 1647 2506 nobis
1715 2454 1926 2525 partes
1976 2446 2332 2520 retulerunt,
2403 2445 2512 2506 tali
2559 2445 2775 2505 ordine
2832 2444 3295 2524 distinguntur:

733 2553 934 2630 prima
981 2562 1149 2613 meta
1195 2554 1408 2632 incipit
1455 2555 1627 2614 iuxta
1673 2573 1903 2633 aquam
1949 2554 2329 2613 Mozucham
2362 2562 2654 2613 vocatam
2704 2571 2741 2612 a
2788 2559 2965 2630 parte
3011 2550 3297 2611 meridio-

735 2660 861 2721 nali
909 2668 971 2720 et
1017 2662 1213 2721 tendit
1263 2663 1341 2721 ad
1391 2661 1614 2735 ObreS,
1664 2670 1727 2722 et
1771 2662 1916 2721 inde
1957 2662 2357 2741 progreditur
2406 2671 2468 2720 et
2515 2661 2787 2721 decurrit
2832 2662 2891 2719 in
2942 2662 3126 2733 viam,
3176 2680 3298 2738 qua

735 2769 856 2828 itur
905 2769 984 2828 ad
1033 2771 1363 2830 ecclesiam
1410 2771 1610 2830 sancti
1657 2770 1824 2830 Petri
1873 2778 1934 2830 et
1984 2790 2022 2829 a
2069 2779 2245 2848 parte
2279 2770 2498 2829 dextra
2546 2778 2829 2828 remanet
2874 2768 3298 2829 venditoribus

736 2878 1126 2956 supradictiS,
1176 2888 1258 2938 et·
1285 2880 1590 2939 currendo
1637 2880 1698 2939 in
1747 2880 1884 2958 ipsa
1933 2879 2035 2939 via
2090 2879 2376 2957 peruenit
2421 2879 2504 2938 'ad
2551 2886 2753 2937 metas
2800 2877 3033 2954 Tolyas
3082 2896 3297 2954 supra-

737 2985 900 3059 dicti,
973 2994 1035 3046 et
1080 2988 1163 3046 ibi
1212 2988 1608 3067 coniungitur
1675 2988 1857 3047 terris
1903 2986 2295 3047 hereditariis
2360 2987 2661 3064 Stephani
2725 2985 3025 3064 sepedicti
3092 2984 3297 3062 ibique

736 3094 1162 3155 terminantur.
1241 3096 1308 3155 In
1359 3096 1534 3155 cuius
1583 3096 1672 3155 rei
1719 3095 2154 3155 certitudinem
2202 3104 2265 3154 et
2311 3094 2678 3154 memoriam
2725 3102 3112 3172 perpetuam,
3160 3111 3297 3171 pre-

738 3210 960 3263 sentes·
999 3205 1080 3263 ad
1125 3204 1500 3282 peticionem
1572 3205 1854 3282 parcium
1902 3204 2274 3263 contulimus
2344 3203 2580 3263 litteras
2628 3202 2813 3282 sigilli
2858 3202 3054 3262 nostri
3100 3200 3298 3260 muni·

739 3311 904 3371 mine
952 3312 1294 3372 roboratas,
1343 3312 1574 3373 Datum
1607 3313 1669 3372 in
1699 3312 1859 3371 festo
1905 3312 2091 3371 beate
2130 3312 2474 3386 Elizabeth,
2524 3330 2687 3370 anno
2735 3311 2814 3372 ab
2862 3308 3299 3369 incarnacione

740 3420 973 3480 domini
1019 3420 1344 3480 millesimo
1393 3413 1553 3479 CC0.
1604 3419 2074 3498 septuagesimo
2122 3427 2316 3478 sexto,

952 3564 994 3616 E
1037 3566 1396 3631 transumpto
1436 3561 1696 3629 originali
1752 3560 2006 3615 eiusdem
2047 3559 2277 3629 capituli
2333 3576 2383 3613 a.
2424 3558 2582 3615 1412.
2622 3558 2705 3612 11.
2745 3558 3009 3614 octobris.
3059 3558 3121 3612 Iu
3160 3555 3301 3611 cista

740 3652 1334 3721 communitatis-nob.
1376 3652 1444 3705 de
1483 3652 1584 3706 Inf.
1623 3649 1910 3706 Lomnica.

960 3836 975 3865 ²
1013 3833 1113 3890 sic.
1189 3830 1212 3861 ²
1250 3832 1346 3887 sic.

1950 4081 2096 4151 28.

956 4240 1140 4299 Anno
1199 4232 1381 4296 1278.
1432 4232 1534 4294 26.
1584 4232 1747 4292 maii.
1794 4230 2167 4311 Zagrabiae.

743 4417 1081 4483 Nicolaus
1126 4413 1348 4479 banus
1381 4410 1598 4477 totius
1628 4408 2052 4483 Sclaveniae,
2100 4407 2433 4491 antiquas
2471 4404 2820 4469 libertates
2854 4403 3301 4489 iobagionum

1152 4522 1369 4585 castri
1415 4516 1913 4605 Zagrabiensis
1959 4512 2337 4580 conscribit
2380 4518 2444 4578 et
2491 4512 2880 4597 confirmat.

956 4707 1090 4766 Nos
1137 4704 1434 4765 Nicolaus
1503 4704 1705 4761 banus
1753 4700 1952 4759 tocius
2025 4700 2355 4761 Sclauonie
2405 4696 2831 4777 significamus
2903 4702 3118 4753 tenore
3167 4713 3303 4771 pre-

746 4816 1024 4877 sencium
1073 4814 1296 4892 quibus
1347 4811 1596 4889 expedit
1629 4809 1952 4873 vniuersiS.
2002 4809 2169 4886 quod
2217 4828 2357 4867 cum
2390 4806 2583 4867 tercia
2628 4802 2785 4863 feria
2832 4801 3114 4880 proxima
3160 4810 3305 4860 ante

750 4924 1180 4989 ascensionem
1227 4920 1475 4997 domini,
1525 4917 2095 5002 congregacionem
2143 4916 2321 5000 regni
2375 4912 2707 4975 Sclauonie
2754 4908 3066 4993 Zagrabie
3114 4908 3302 4972 habe-
