3917 5592
2999 438 3074 501 31

493 679 735 719 ·remus
783 658 1164 737 generalem,
1215 654 1488 716 vniuersi
1537 654 1908 735 iobagiones
1957 656 2146 716 castri
2190 656 2633 737 Zagrabiensis
2682 658 2763 717 ad
2810 666 3085 717 nostram

529 768 900 827 accedentes
947 765 1356 845 presenciam,
1387 765 1449 825 in
1482 765 1797 825 communi
1844 764 2105 824 concilio
2136 765 2416 843 predicto
2466 766 2861 827 condiciones
2907 766 3086 825 liber-

529 882 724 934 tatum
772 874 1046 952 ipsorum
1096 856 1384 952 antiquas
1432 872 1612 932 nobis
1661 880 2086 963 exposuerunt
2132 873 2248 931 sub
2294 873 2416 933 hac
2462 872 2687 933 forma:
2736 875 2907 952 quod
2951 893 3088 952 per-

527 982 742 1043 solutis
789 980 1386 1061 commutacionibus
1434 982 1853 1041 descensuum
1901 1000 1979 1040 ex
2025 990 2203 1059 parte
2238 980 2515 1059 ipsorum
2562 982 3089 1061 prouenientibuS,

525 1111 642 1151 nec
689 1090 1013 1153 viceiudex
1082 1099 1297 1150 noster
1345 1099 1453 1149 aut
1499 1090 1747 1150 curialis
1821 1108 2033 1149 comes
2084 1089 2363 1149 eiusdem
2434 1092 2809 1151 descensum
2879 1090 3089 1151 facere

528 1206 782 1278 possent
843 1200 1005 1258 inter
1051 1198 1238 1277 ipsos,
1331 1198 1400 1258 Si
1445 1217 1596 1259 uero
1655 1199 2031 1259 descensum
2103 1197 2399 1273 facerent,
2450 1218 2525 1259 eo
2572 1199 2737 1259 facto
2796 1220 2835 1260 a
2881 1201 3089 1260 debito

528 1306 1038 1367 commutacionis
1087 1306 1429 1366 descensus
1477 1306 1666 1367 iidem
1728 1307 2099 1386 iobagiones
2148 1307 2337 1366 castri
2385 1316 2597 1367 essent
2644 1309 2930 1386 expediti.
3022 1310 3089 1369 Si

527 1434 678 1475 uero
749 1395 1124 1474 descensum
1189 1434 1314 1474 non
1377 1414 1674 1489 facerent,
1746 1423 1975 1475 extunc
2044 1415 2239 1475 semel
2286 1414 2350 1474 in
2399 1435 2562 1476 anno
2632 1417 2853 1477 saltem
2925 1417 3089 1477 circa

525 1522 753 1583 festum
800 1522 1000 1582 sancti
1031 1522 1287 1582 Martini
1335 1522 1586 1583 racione
1619 1524 1902 1585 eiusdem
1950 1523 2297 1582 descensus
2351 1523 2559 1583 comiti
2605 1532 2819 1584 nostro
2867 1526 3089 1585 decem

529 1640 590 1690 et
636 1638 777 1690 octo
823 1648 1054 1708 pensas
1103 1630 1291 1689 iidem
1322 1630 1694 1710 iobagiones
1743 1630 1932 1691 castri
1981 1630 2133 1689 dare
2166 1638 2541 1690 tenerentur.
2590 1632 2668 1691 Et
2702 1632 2817 1691 sub
2866 1633 3088 1693 eadem

526 1737 726 1797 forma
773 1738 1024 1798 racione
1096 1738 1438 1798 descensus
1486 1738 1682 1798 nostri
1730 1738 1790 1797 in
1837 1736 1999 1797 festo
2069 1737 2349 1816 predicto
2399 1738 2579 1798 nobis
2649 1746 2790 1799 octo
2843 1759 3089 1800 marcas

528 1847 770 1906 soluere
839 1854 1185 1921 teneantur,
1259 1855 1321 1905 et
1396 1846 1564 1924 quod
1634 1865 1749 1905 nec
1833 1846 2023 1905 iudex
2092 1853 2306 1905 noster
2380 1864 2497 1906 nec
2566 1846 2812 1907 curialis
2878 1867 3088 1908 comes

526 1954 718 2033 ipsius
770 1954 834 2013 in
888 1954 1094 2013 eundo
1141 1972 1363 2013 uersus
1393 1953 1588 2027 Gozd,
1640 1954 1739 2012 uel
1782 1953 2103 2013 redeundo
2151 1954 2523 2013 descensum
2576 1954 2787 2015 facere
2832 1964 3092 2033 possent

527 2062 685 2123 inter
730 2062 918 2141 ipSOS‚
967 2062 1069 2121 uel
1112 2061 1348 2122 familia
1395 2062 1737 2121 eorundem
1785 2069 1893 2120 aut
1939 2068 2169 2121 nostra.
2217 2062 2373 2121 Item
2421 2071 2722 2140 quantum
2769 2063 2831 2123 in
2876 2064 3091 2125 habita

529 2169 986 2248 composicione
1035 2168 1302 2228 aduerse
1349 2168 1510 2247 parti
1557 2169 1794 2241 darent,
1863 2169 2232 2228 tantundem
2280 2168 2465 2229 iudici
2512 2170 2663 2230 dare
2710 2178 3085 2232 tenerentur.

526 2278 661 2337 Nec
732 2276 953 2357 aliquis
1001 2276 1506 2355 possessionatus
1578 2276 1829 2336 racione
1879 2276 2138 2337 alicuius
2210 2276 2400 2336 debiti
2447 2276 2705 2338 deberet
2770 2279 3088 2357 captiuari.

525 2385 592 2447 Si
639 2386 776 2465 quis
848 2404 1002 2445 uero
1051 2404 1128 2445 ex
1173 2384 1325 2465 ipsis
1373 2385 1766 2445 contumacia
1813 2385 2053 2461 ductus,
2126 2404 2323 2465 usque
2372 2386 2705 2465 septimum
2752 2386 3087 2447 terminum

525 2496 640 2556 iuri
687 2514 910 2574 parere
957 2494 1327 2575 negligeret,
1397 2514 1627 2574 penam
1677 2494 1960 2553 eiusdem
2006 2494 2318 2553 terrestris
2368 2513 2579 2554 comes
2626 2494 2847 2555 iudicis
2894 2494 3091 2554 nostri

526 2603 786 2682 predicti
855 2603 1134 2681 recipere
1182 2610 1513 2677 teneretur,
1586 2610 1648 2662 et
1695 2609 2013 2680 receptam
2060 2601 2177 2679 ipsi
2226 2602 2434 2662 comiti
2487 2610 2699 2663 nostro
2748 2602 3090 2683 assignare.

526 2712 658 2771 Nec
709 2710 930 2791 aliquis
977 2710 1137 2770 inter
1183 2710 1354 2789 ipsos
1400 2710 1712 2771 terrestris
1761 2728 1973 2769 comes
2021 2728 2163 2769 esse
2210 2709 2424 2787 possit,
2486 2710 2605 2770 nisi
2652 2710 2729 2770 de
2780 2710 3092 2770 communi

527 2838 836 2879 ocnsensu
907 2820 1249 2878 eorundem
1297 2825 1358 2878 et
1405 2819 1655 2877 euoluto
1726 2817 1991 2877 termino
2064 2818 2225 2891 anni,
2292 2825 2652 2878 terrestrem
2724 2818 3088 2878 comitatum

527 2927 871 2987 renouandi
917 2925 1223 2986 haberent
1267 2925 1643 2986 facultatem.
1693 2924 2162 2985 Subiunxerunt
2210 2926 2427 3001 eciam,
2500 2928 2668 3005 quod
2714 2927 2918 2987 nullus
2968 2927 3089 2987 col-

526 3037 826 3096 lectorum
893 3034 1262 3115 iobagiones
1309 3034 1372 3094 in
1419 3034 1592 3094 curia
1640 3034 1984 3095 eorundem
2046 3034 2456 3113 iobagionum
2504 3034 2691 3095 castri
2738 3034 3091 3109 existenteS,

526 3142 774 3203 dicandi
836 3143 1142 3202 haberent
1188 3142 1533 3220 opcionem.
1626 3143 1761 3202 Nec
1809 3142 2060 3201 racione
2130 3142 2497 3201 iudiciorum
2546 3142 2853 3203 exercitus
2922 3142 3091 3219 ipsos

525 3270 854 3329 possemus
927 3268 1300 3329 aggrauare,
1372 3250 1489 3308 nisi
1537 3252 1760 3310 eadem
1831 3251 2091 3311 collecta
2154 3259 2583 3329 emergeretur
2650 3269 2763 3329 per
2825 3268 3091 3330 regnum

527 3359 968 3437 supradictum,
1018 3357 1286 3417 Curialis
1319 3377 1472 3417 uero
1515 3378 1725 3417 comes
1758 3358 2205 3439 Zagrabiensis
2238 3358 2569 3437 predictuS‚
2618 3359 2783 3417 nullo
2816 3376 3092 3438 unquam

527 3478 806 3545 tempore
855 3474 1069 3544 posset
1115 3466 1491 3525 descensum
1558 3466 1767 3526 facere
1814 3466 1976 3525 inter
2022 3466 2209 3544 ipsos,
2302 3466 2437 3525 Nos
2482 3466 2692 3544 itaque
2757 3464 2981 3525 auditis
3032 3471 3094 3524 et

527 3574 852 3635 intellectis
893 3574 1282 3633 libertatibus
1315 3574 1706 3651 supradictiS,
1757 3575 2041 3633 uolentes
2073 3573 2315 3651 plenius
2364 3572 2692 3632 certificari
2725 3573 2803 3632 de
2838 3572 3093 3645 eisdem,

523 3684 852 3743 uniuersos
921 3681 1163 3742 nobiles
1211 3682 1408 3760 regni,
1480 3701 1741 3759 quorum
1800 3682 2127 3740 multitudo
2199 3681 2460 3740 adherat
2509 3680 2780 3759 copiosa,
2836 3679 3093 3759 requisi-

522 3792 744 3865 uimuS,
791 3790 897 3870 qui
945 3788 1319 3849 unanimiter
1364 3790 1720 3862 retulerunt,
1770 3788 1937 3866 quod
1986 3788 2152 3847 idem
2199 3788 2567 3868 iobagiones
2617 3788 2804 3849 castri
2852 3807 2891 3847 a
2938 3797 3091 3847 tem-

523 3916 692 3976 pore,
742 3896 919 3957 cuius
951 3896 1257 3957 memoria
1301 3915 1427 3956 non
1481 3905 1666 3971 extat,
1717 3897 1778 3955 in
1811 3895 2198 3957 libertatibus
2244 3896 2538 3975 predictis
2585 3896 3093 3975 permansissent.

522 4005 702 4065 Vnde
771 4023 888 4065 nos
959 4023 1074 4082 per
1141 4004 1382 4065 nobiles
1451 4004 1632 4083 regni
1703 4004 2042 4078 certificati,
2114 4004 2191 4063 de
2256 4003 2646 4064 libertatibus
2720 4002 3091 4082 supradictis

525 4114 798 4187 easdem,
873 4131 954 4172 ne
1014 4112 1078 4171 in
1139 4112 1414 4171 futurum
1485 4131 1598 4191 per
1659 4110 2019 4190 quempiam
2088 4110 2332 4189 possint
2386 4110 2627 4185 irritari,
2698 4109 3089 4189 presentibus

524 4220 812 4281 duximus
859 4220 1267 4280 roborandas,
1314 4221 1385 4280 In
1430 4220 1578 4279 facti
1626 4218 1994 4279 memoriam
2042 4226 2105 4278 et
2152 4219 2463 4279 cautelam
2516 4218 2895 4297 ampliorem,
2954 4236 3090 4295 pre-

523 4336 732 4388 sentes
781 4327 1152 4387 contulimus
1201 4325 1385 4406 sigilli
1431 4326 1626 4386 nostri
1673 4327 2012 4387 munimine
2061 4327 2401 4388 roboratas.
2483 4328 2715 4387 Datum
2760 4324 3089 4405 Zagrabie,

521 4436 584 4497 in
632 4436 1000 4496 ascensione
1067 4435 1317 4507 domini,
1388 4455 1552 4495 anno
1600 4436 1679 4495 ab
1727 4436 2167 4496 incarnacione
2228 4436 2509 4496 eiusdem
2579 4426 3085 4495 M⁰.CC⁰.LXX⁰.

521 4551 764 4605 octauo.

735 4701 1019 4770 originale
1057 4704 1506 4757 membraneum.
1583 4704 1630 4758 A
1669 4719 1815 4758 zona
1852 4702 2069 4757 sericea
2106 4702 2304 4756 viridis
2343 4701 2550 4757 coloris
2587 4701 2794 4771 pendet
2831 4698 3083 4754 attritum

520 4792 782 4860 sigillum.
857 4792 919 4845 In
975 4792 1208 4847 archivo
1267 4794 1398 4847 nob.
1454 4808 1598 4849 com.
1657 4792 1980 4862 Turopolje.
2041 4820 2105 4829 —
2164 4791 2339 4860 Fejer,
2398 4790 2530 4846 Cod.
2586 4791 2719 4860 dipl.
2762 4789 2819 4844 V.
2876 4790 2988 4843 vol.
3027 4789 3077 4843 2.

519 4896 642 4950 pag.
715 4880 838 4937 498.
896 4910 965 4921 -—
1019 4881 1372 4953 Kukuljevic,
1443 4882 1572 4937 Iura
1627 4882 1781 4955 regni
1860 4883 1898 4938 1.
1949 4898 2071 4953 pag.
2148 4880 2233 4936 87.
2290 4910 2357 4920 —
2416 4879 2766 4954 Kukuljevic,
2824 4880 3081 4949 Regesta.

521 4968 622 5031 Nc.
662 4969 816 5031 1239.
