3917 5592
829 900 947 967 285.

827 1348 946 1401 286.

832 1797 951 1864 287.

833 2157 952 2208 288.

835 2694 954 2761 289.

843 3068 959 3120 290.

845 3426 962 3479 291.

849 3873 970 3927 292.

853 4230 971 4284 293·

853 4592 970 4644 294.

856 4871 973 4923 295.

1840 395 2373 467 —XXXIV-

982 709 1242 763 Valentini
1291 708 1590 778 Sugossych
1642 711 1706 760 de
1757 708 1906 760 infer.
1959 710 2307 775 Lompnycza,
2358 709 2611 776 quasdam
2666 719 2771 759 tres
2820 718 2999 769 terras,
3051 718 3173 758 octo

963 800 1174 852 florenis
1230 800 1505 851 Valentino
1543 810 1595 850 et
1632 800 1786 850 Petro
1837 799 1956 850 filiis
1996 799 2206 866 Georgii
2246 800 2310 849 de
2349 800 2547 861 eadem,
2586 797 2790 865 pignori
2828 798 3035 864 obligat.
3066 835 3081 851 .
3140 834 3155 851 .

986 902 1137 951 Anno
1184 914 1332 967 ¹454·
1375 914 1459 949 20.
1499 898 1636 950 maii.
1677 898 1969 964 Zagrabiae.
2008 898 2197 949 Coram
2224 897 2435 948 Thoma
2471 895 2580 948 filio
2606 898 2751 948 Pauli
2789 898 2853 947 de
2894 898 3173 960 Voinoscz,

982 988 1172 1039 comite
1225 987 1457 1039 terrestri
1506 987 1690 1054 Campi
1741 987 2117 1053 Zagrabiensis,
2168 988 2364 1049 Gallus,
2415 988 2741 1049 Benedictus,
2778 986 3072 1053 Stephanus
3124 998 3175 1037 et

983 1079 1240 1155 Georgius
1277 1077 1368 1128 filii
1407 1077 1646 1128 Thomae
1686 1077 1748 1127 de
1790 1077 2106 1139 kaawecz,
2146 1076 2471 1144 Kyungychy
2508 1076 2646 1137 dicti,
2685 1076 2889 1127 vineam
2928 1092 3077 1128 suam
3116 1076 3169 1127 in

984 1170 1432 1234 Kosztanyewecz,
1470 1167 1700 1229 Vrban0,
1740 1168 1977 1218 Andreae
2016 1177 2067 1217 et
2104 1166 2345 1217 Thomae
2384 1165 2504 1217 filiis
2540 1166 2843 1229 Clementis,
2883 1166 3171 1234 iobagioni-

985 1260 1084 1309 bus
1121 1258 1248 1318 suis,
1285 1256 1575 1307 conferunt.
1642 1290 3161 1311 ......................

988 1350 1138 1398 Anno
1185 1361 1334 1414 1454·
1367 1361 1457 1411 20.
1499 1345 1636 1400 maii.
1678 1345 1971 1413 Zagrabiae.
2012 1345 2199 1396 Coram
2240 1345 2467 1396 iohanne
2518 1345 2754 1412 Zmolyk‚
2793 1347 3071 1397 castellano
3110 1345 3173 1395 de

987 1437 1227 1503 Ztupnyk
1264 1435 1558 1501 comiteque
1595 1434 1778 1500 Campi
1820 1434 2179 1501 Zagrabiensis
2216 1450 2273 1485 ac
2312 1435 2520 1486 Thoma
2558 1434 2664 1485 filio
2718 1435 2861 1486 Pauli
2902 1436 2965 1485 de
3006 1436 3173 1502 Woy-

986 1542 1190 1589 nosecz‚
1228 1526 1418 1576 comite
1455 1536 1575 1576 terr.
1618 1525 1854 1576 eiusdem
1892 1526 2095 1592 Campi,
2134 1526 2365 1593 Georgio
2421 1526 2622 1577 Trebse
2660 1536 2711 1576 et
2749 1526 2891 1577 alteri
2946 1526 3175 1592 Georgio

986 1616 1093 1667 filio
1131 1615 1351 1677 Martini,
1390 1615 1644 1681 quaedam
1685 1614 2062 1681 possessiones,
2102 1616 2214 1666 iure
2253 1616 2546 1683 quartalitio
2597 1616 2740 1681 ipsos
2794 1616 3171 1683 contingentes,

985 1707 1312 1773 assignantur
1313 1740 1803 1760 ........
1806 1691 1818 1702 ’
1861 1740 3166 1761 ...................

992 1798 1142 1846 Anno
1188 1809 1336 1861 1454.
1381 1809 1459 1861 ¹7·
1497 1793 1642 1845 iunii.
1684 1794 1977 1860 Zagrabiae.
2016 1795 2206 1845 Coram
2248 1795 2473 1845 Iohanne
2511 1796 2733 1858 Zmolik,
2785 1797 3061 1847 castellano
3112 1796 3176 1846 de

990 1887 1228 1954 Ztupnyk
1267 1886 1562 1952 comiteque
1601 1885 1782 1951 Campi
1837 1886 2193 1952 Zagrabiensis
2231 1900 2289 1936 ac
2327 1884 2537 1936 Thoma
2575 1884 2682 1936 filio
2721 1884 2866 1937 Pauli
2905 1886 2969 1936 de
3010 1887 3177 1952 Woy-

991 1992 1193 2038 nosecz,
1233 1976 1422 2027 comite
1459 1985 1580 2026 terr.
1620 1975 1854 2026 eiusdem
1893 1974 2095 2041 Campi,
2134 1986 2312 2042 quarta
2350 1975 2591 2041 puellaris
2652 1975 2872 2026 Mathiae
2922 1987 2971 2027 et
3022 1975 3176 2025 Eme·

988 2066 1096 2117 rico
1134 2065 1252 2116 filiis
1291 2064 1435 2115 Pauli
1476 2065 1538 2115 de
1577 2064 1910 2126 Rodmanicz,
1949 2064 2238 2131 assignatur
2241 2099 3163 2120 ..............

991 2158 1143 2206 Anno
1190 2169 1338 2222 1454.
1379 2171 1429 2222 9.
1470 2153 1796 2220 septembris,
1826 2153 2121 2220 Zagrabiae.
2159 2155 2349 2205 Coram
2378 2153 2605 2205 Iohanne
2633 2155 2869 2221 Zmolyk,
2895 2156 3176 2207 castellano

990 2246 1053 2295 de
1090 2243 1329 2311 Stupnyk
1366 2243 1658 2309 comiteque
1697 2242 1880 2309 Campi
1908 2242 2266 2309 Zagrabiensis
2292 2258 2349 2294 ac
2376 2243 2584 2294 Thoma
2611 2243 2718 2295 filio
2746 2244 2891 2295 Pauli
2918 2245 2981 2296 de
3010 2245 3173 2312 Woy·

991 2349 1194 2393 nosecz,
1233 2333 1424 2384 comite
1460 2341 1582 2383 terr.
1640 2332 1875 2382 eiusdem
1932 2332 2133 2399 Campi,
2194 2332 2465 2400 Philippus
2522 2344 2570 2383 et
2626 2336 2829 2385 Marcus
2880 2335 2943 2385 de
2994 2334 3176 2387 Mlaka.

991 2434 1227 2491 quartam
1266 2423 1548 2488 puellarem
1587 2422 1714 2473 olim
1753 2421 2063 2473 Scolasticae
2102 2432 2402 2473 materterae
2430 2438 2630 2485 eorum,
2657 2424 2919 2491 sexaginta
2943 2424 3177 2491 quinque

993 2513 1204 2563 florenis
1241 2512 1523 2563 Benedicto
1561 2512 1807 2579 Krupych
1847 2512 2093 2573 vendunt,
2132 2511 2223 2578 qui
2260 2512 2415 2563 etiam
2452 2513 2506 2563 in
2546 2513 2764 2563 eandem
2789 2522 3023 2579 quartam
3052 2513 3177 2580 legi-

994 2603 1120 2654 time
1156 2600 1395 2652 statuitur
1397 2637 3173 2657 ..........................

991 2694 1143 2742 Anno
1197 2706 1346 2758 1454.
1389 2689 1470 2742 28.
1510 2690 1753 2742 octobris,
1794 2690 2087 2758 Zagrabiae.
2127 2692 2334 2743 Vlricus
2373 2690 2609 2742 Kostibol
2647 2707 2825 2742 comes
2861 2692 3045 2759 Campi
3084 2691 3180 2742 Za-

995 2781 1279 2848 grabiensis
1316 2796 1373 2832 ac
1411 2780 1647 2831 Thomas
1687 2779 1822 2831 filius
1852 2781 1996 2831 Pauli
2046 2782 2111 2832 de
2163 2784 2509 2849 Woynosecz,
2558 2796 2737 2848 comes
2773 2793 2895 2834 terr.
2946 2782 3179 2833 eiusdem

999 2870 1198 2937 Campi,
1241 2869 1490 2937 Dyonisio
1530 2870 1748 2936 Myxych
1789 2870 1852 2920 de
1891 2872 2192 2934 Lokawecz,
2230 2886 2387 2937 super
2412 2873 2581 2923 soluta
2618 2870 2931 2938 banschyna,
2970 2872 3177 2939 expedi-

1001 2960 1158 3011 torias
1197 2961 1502 3011 concedunt.
1579 2995 3168 3016 .......................

1000 3053 1150 3101 Αιιηο
1198 3065 1346 3117 ¹455·
1395 3066 1470 3116 13.
1511 3049 1740 3100 ianuarii.
1782 3051 2077 3117 Zagrabiae.
2118 3052 2309 3102 Coram
2348 3050 2557 3102 Thoma
2584 3049 2691 3103 filio
2731 3052 2873 3103 Pauli
2912 3052 2977 3103 de
3017 3053 3180 3119 Woy-

1001 3155 1203 3202 nosecz,
1241 3140 1430 3191 comite
1468 3150 1590 3191 terr.
1629 3139 1812 3206 Campi
1841 3141 2215 3208 Zagrabiensis,
2243 3142 2513 3192 Emericus
2550 3152 2601 3193 et
2638 3143 2870 3210 Mathyas
2909 3141 2999 3192 filii
3039 3142 3181 3193 Pauli

1001 3230 1065 3279 de
1104 3230 1482 3297 Radomanycz,
1522 3229 1724 3279 vineam
1764 3245 1910 3280 suam
1950 3231 2003 3281 in
2042 3242 2219 3281 monte
2270 3230 2570 3298 Mozychan,
2608 3232 2774 3283 tribus
2810 3232 3037 3293 floreniS,
3077 3233 3183 3282 Ma·

1000 3320 1153 3386 thyae
1191 3318 1298 3369 filio
1335 3320 1689 3386 Obradowycz
1728 3320 1792 3370 de
1828 3319 1988 3381 Odra,
2027 3323 2257 3371 vendunt
2260 3357 3176 3378 ..............

1001 3413 1152 3461 Anno
1198 3425 1347 3477 ¹455·
1391 3426 1468 3461 20.
1508 3410 1739 3465 ianuarii.
1777 3411 2072 3477 Zagrabiae.
2110 3412 2300 3462 Coram
2340 3411 2547 3464 Thoma
2585 3410 2691 3464 filio
2732 3412 2875 3465 Pauli
2913 3414 2977 3464 de
3017 3413 3184 3480 Woy-

1006 3515 1208 3562 nosecz,
1248 3500 1438 3549 comite
1476 3510 1597 3553 terr.
1637 3500 1820 3566 Campi
1860 3500 2237 3567 ZagrabiensiS,
2265 3500 2485 3564 masiae,
2524 3500 2800 3570 Georgius,
2828 3502 3098 3553 Ladislaus
3138 3513 3189 3553 et

1003 3589 1220 3640 Michael
1259 3587 1348 3640 filii
1390 3588 1635 3655 Stephani
1675 3588 1766 3640 filii
1806 3590 1930 3640 Petk
1971 3590 2034 3640 de
2072 3590 2373 3652 Lukawecz,
2413 3600 2601 3642 terram
2654 3607 2803 3643 suam
2852 3592 3096 3643 arabilem
3137 3592 3187 3641 in

1003 3681 1241 3745 Nowgar,
1281 3679 1514 3746 quinque
1551 3679 1760 3729 florenis
1799 3678 2059 3746 Philippo,
2110 3680 2388 3730 Ambrosio
2440 3690 2491 3732 et
2538 3680 2816 3733 Valentino
2866 3681 2984 3733 filiis
3034 3681 3189 3732 Blasii

1005 3768 1096 3819 filii
1136 3768 1438 3835 Mayehnick
1477 3770 1539 3819 de
1580 3768 1729 3819 lnfer.
1770 3769 2047 3830 Lounicza,
2088 3768 2292 3835 pignori
2330 3770 2581 3837 obligant.
2665 3807 3180 3826 ........

1010 3862 1161 3908 Anno
1209 3844 1264 3923 1⁸4
1275 3873 1338 3926 55
1402 3873 1484 3925 27.
1523 3858 1755 3910 ianuarii.
1797 3858 2092 3925 Zagrabiae.
2132 3859 2340 3910 Vlricus
2378 3860 2615 3911 Kostibol
2653 3876 2831 3912 comes
2869 3862 3051 3928 Campi
3093 3862 3188 3913 Za-

1006 3947 1292 4014 grabiensis
1330 3963 1386 3997 ac
1425 3946 1660 3997 Thomas
1699 3947 1836 3998 filius
1877 3948 2019 3998 Pauli
2059 3948 2122 3999 de
2162 3950 2506 4016 Woynosecz,
2558 3965 2735 4001 comes
2784 3960 2903 4004 terr.
2956 3950 3189 4003 eiusdem

1009 4036 1210 4103 Campi,
1249 4036 1580 4087 statutionem
1621 4038 1862 4087 dominae
1899 4038 2177 4103 Elyzabeth
2227 4036 2359 4089 flliae
2408 4038 2575 4105 Egidii
2616 4040 2680 4091 de
2730 4040 3020 4091 Korilowcz
3069 4056 3190 4091 cum

1008 4125 1127 4176 filiis
1163 4126 1273 4175 suis
1311 4126 1364 4175 in
1406 4135 1640 4192 quartam
1680 4128 1981 4192 puellarem,
2020 4126 2300 4179 notificant.
2380 4156 3181 4185 ............

1011 4217 1161 4265 Anno
1209 4228 1355 4281 1455.
1401 4230 1482 4282 29.
1521 4214 1751 4270 ianuarii.
1782 4216 2070 4283 Zagrabiae.
2108 4218 2297 4268 Coram
2325 4218 2503 4271 Vlrico
2530 4219 2766 4271 Kostibol
2792 4220 2983 4271 comite
3009 4220 3191 4286 Campi

1009 4304 1370 4372 Zagrabiensis
1407 4320 1464 4355 ac
1503 4305 1710 4357 Thoma
1749 4304 1856 4357 filio
1897 4308 2041 4358 Pauli
2080 4308 2144 4359 de
2183 4308 2529 4375 Woynosecz,
2569 4310 2758 4361 comite
2796 4320 2916 4361 terr.
2954 4310 3191 4361 eiusdem

1010 4393 1210 4461 Campi,
1269 4394 1622 4445 controversia
1671 4396 1868 4448 ratione
1917 4398 2241 4464 quarundam
2294 4399 2705 4465 possessionum,
2760 4400 2893 4451 inter
2948 4401 3189 4452 Iacobum

1010 4484 1174 4535 Sobar
1211 4494 1264 4535 et
1301 4484 1664 4551 Elyzabetham
1704 4486 1862 4539 filiam
1900 4488 2069 4554 Egidii
2109 4490 2173 4539 de
2212 4489 2501 4541 Korilowcz
2540 4502 2764 4553 vertenS,
2802 4492 3078 4544 dirimitur.
3164 4528 3179 4545 .

1013 4577 1164 4625 Anno
1211 4590 1360 4643 1455·
1399 4592 1448 4643 7.
1489 4576 1672 4631 martii.
1713 4578 1902 4629 Coram
1941 4579 2169 4645 capitulo
2208 4580 2453 4631 ecclesiae
2492 4580 2868 4647 Zagrabiensis,
2907 4581 3192 4633 heremitae

1011 4665 1216 4716 claustri
1257 4666 1315 4716 B.
1355 4666 1421 4716 M.
1463 4667 1525 4717 V.
1566 4667 1631 4717 de
1670 4668 2031 4733 promontorio
2082 4669 2427 4732 Zagrabiensi,
2477 4671 2605 4721 duas
2656 4671 2917 4722 sessiones
2968 4686 3089 4722 suas
3140 4671 3191 4722 in

1015 4757 1292 4823 Kysmlaka
1327 4758 1622 4821 existentes,
1660 4760 2081 4826 quartuordecim
2120 4760 2330 4811 florenis
2354 4760 2585 4827 Georgio
2623 4762 2687 4812 de
2724 4762 2906 4823 Mlaka,
2943 4763 3189 4817 vendunt.

1015 4856 1166 4906 Anno
1212 4872 1304 4923 145
1314 4874 1360 4924 5.
1407 4872 1484 4908 10.
1524 4858 1708 4909 martii.
1750 4858 2043 4925 Zagrabiae.
2082 4860 2270 4910 Coram
2312 4860 2488 4911 Vlrico
2527 4860 2767 4911 Kostibol
2791 4862 2981 4912 comite
3008 4860 3191 4927 Campi

1015 4945 1370 5011 Zagrabiensis
1407 4962 1464 4997 ac
1501 4947 1707 4998 Thoma
1746 4947 1852 4998 filio
1894 4948 2036 4999 Pauli
2077 4950 2140 4999 de
2179 4950 2526 5016 Woynosecz‚
2565 4950 2757 5001 comite
2793 4961 2929 5023 terr*¹
2958 4936 3191 5002 eiusdem

3194 610 3389 670 Pagina

3286 812 3385 864 3¹5

3286 1255 3386 1321 316

3288 1706 3389 1773 3¹8

3286 2080 3389 2132 320

3293 2617 3390 2669 322

3289 2976 3389 3029 325

3296 3336 3396 3388 325

3303 3768 3403 3837 32ss

3304 4144 3403 4196 327

3301 4506 3405 4559 330

3304 4777 3406 4829 334
