3917 5592
756 424 879 505 168

745 658 1054 718 Iohannes
1100 659 1262 719 filius
1326 657 1505 717 Pauli
1551 658 1631 719 de
1696 654 1873 717 Odra
1934 676 2058 717 neu
2107 649 2438 717 Ladislaus
2501 654 2664 717 filius
2729 649 2786 717 T
2787 648 2972 717 home
3020 653 3100 719 de
3148 648 3312 718 Tho-

744 767 966 844 plycza
1011 786 1123 827 seu
1170 767 1467 827 Nicolaus
1516 764 1678 825 filius
1724 764 1933 845 Egidii
1967 765 2046 825 de
2078 764 2294 825 Mlaka
2343 784 2459 825 ceu
2507 764 2786 825 Thomas
2833 766 2996 825 filius
3042 766 3314 825 Iwkonis
3360 830 3366 837 ‚

745 873 824 932 de
873 873 1081 933 Peech
1126 892 1275 933 narn
1320 872 1621 933 Nicolaus
1660 865 1968 931 litteratus
2015 871 2178 931 filius
2225 871 2403 930 Pauli
2451 871 2597 932 dicti
2627 872 2982 948 Prawdych
3027 872 3107 932 de
3153 873 3310 932 Dre-

743 999 933 1041 nowa
976 999 1249 1059 namque
1296 981 1563 1041 Ioannes
1610 978 1897 1057 Imprych
1947 977 2026 1038 de
2065 980 2469 1057 Jampnycza,
2519 978 2654 1039 aliis
2694 979 3076 1053 absentibuS‚
3122 980 3311 1039 homo

743 1097 972 1162 noster,
1021 1088 1103 1148 ad
1146 1088 1342 1148 facies
1388 1087 1669 1167 predicte
1724 1086 1931 1146 totalis
1981 1094 2044 1146 et
2089 1086 2332 1167 integre
2399 1085 2817 1164 possessionis
2865 1086 3125 1147 Inferior
3171 1089 3312 1146 Lw„

743 1196 1020 1270 kawecz,
1088 1194 1153 1255 in
1216 1194 1499 1273 predicto
1562 1193 1809 1273 Campo
1876 1200 1939 1253 et
2005 1194 2304 1253 comitatu
2376 1192 2790 1273 Zagrabiensi
2842 1193 3181 1268 existentis,
3249 1201 3314 1254 et

743 1303 1177 1363 universarum
1245 1302 1770 1380 pertinenciarum
1818 1320 2091 1376 suarum,
2157 1296 2374 1362 vicinis
2421 1310 2486 1363 et
2531 1300 2980 1361 commetaneis
3029 1300 3310 1361 eiusdem

743 1410 1049 1471 universis
1081 1409 1230 1469 inibi
1260 1408 1563 1489 legittime
1612 1406 1974 1469 convocatis
2009 1416 2070 1468 et
2101 1408 2496 1487 presentibus
2530 1409 2909 1483 accedendO,
2956 1409 3310 1469 introducat

743 1518 1016 1596 prefatos
1066 1516 1411 1598 Georgium
1473 1515 1671 1576 filium
1714 1515 1959 1577 Nicolai
2015 1516 2292 1593 Myxych
2342 1534 2418 1576 ac
2465 1517 2612 1576 mk
2677 1516 2871 1575 filium
2926 1514 3201 1577 Ladislai
3249 1524 3312 1575 et

743 1625 1120 1704 Gregorium
1165 1624 1662 1701 Zthanylowych
1688 1624 1757 1685 in
1788 1624 2132 1684 dominium
2179 1623 2460 1685 eiusdem
2507 1624 2716 1684 totalis
2763 1632 2826 1685 et
2872 1624 3117 1704 integre
3164 1643 3307 1702 pos·

743 1732 1040 1793 sessionis
1085 1731 1345 1793 Inferior
1389 1732 1764 1793 kaawecz
1812 1740 1875 1793 et
1922 1740 2288 1793 cunctarum
2335 1730 2860 1810 pertinenciarum
2908 1750 3181 1806 suarum,
3231 1749 3308 1791 ac

743 1840 889 1901 dicti
950 1840 1098 1901 iuris
1144 1840 1341 1901 nostri
1404 1840 1563 1920 regii
1608 1840 1673 1901 in
1721 1839 1947 1901 eadem
2000 1839 2211 1914 habiti,
2281 1840 2638 1920 statuatque
2685 1840 2954 1900 eandem
3016 1848 3080 1899 et
3141 1838 3308 1898 idem

743 1948 980 2008 eisdem
1036 1947 1439 2027 ipsorumque
1497 1946 1833 2008 heredibus
1899 1956 1964 2008 et
2022 1947 2490 2025 posteritatibus
2552 1947 2874 2026 utriusque
2939 1966 3128 2007 sexus
3175 1946 3307 2007 uni-

744 2055 962 2131 versis,
1029 2056 1210 2116 simul
1259 2076 1402 2117 cum
1464 2056 1703 2117 cunctis
1751 2055 1880 2116 suis
1942 2056 2308 2115 utilitatibus
2355 2064 2419 2115 et
2462 2055 2860 2133 pertinenciis
2915 2052 3312 2135 quibuslibet,

742 2165 1045 2243 premisse
1092 2172 1304 2226 nostre
1352 2183 1515 2225 nove
1578 2163 1943 2225 donacionis
1991 2170 2056 2223 et
2099 2162 2246 2223 dicti
2306 2163 2457 2223 iuris
2505 2162 2700 2223 nostri
2763 2163 2920 2243 regii
2965 2162 3157 2223 titulis
3212 2162 3302 2222 in-

741 2273 1191 2345 cumbentibuS,
1238 2279 1542 2350 perpetuo
1590 2279 1653 2330 et
1697 2271 1762 2330 in
1791 2289 1980 2331 evum
2025 2269 2490 2349 possidendam,
2556 2270 2607 2329 si
2655 2288 2782 2330 non
2826 2268 3014 2330 fuerit
3058 2277 3303 2330 contra-

740 2380 990 2455 dictum,
1038 2379 1531 2441 contradictores
1579 2397 1749 2453 vero,
1796 2378 1852 2439 si
1897 2378 2005 2458 qui
2049 2378 2293 2453 fuerint,
2324 2386 2546 2439 evocet
2601 2379 2858 2439 eosdem
2907 2387 3126 2439 contra
3170 2396 3308 2456 pre·

736 2488 901 2549 fatos
972 2486 1320 2569 Georgium
1390 2487 1585 2547 filiurn
1645 2487 1889 2548 Nicolai
1957 2486 2238 2563 Myxych
2305 2504 2380 2547 ac
2427 2486 2576 2547 Wlk
2646 2487 2842 2547 filium
2911 2486 3186 2547 Ladislai
3250 2492 3312 2546 et

740 2595 1121 2676 Gregorium
1187 2595 1684 2672 Zthanylowych
1728 2593 1794 2654 in
1838 2594 2232 2673 presenciam
2279 2593 2458 2674 regni
2505 2594 2700 2655 nostri
2764 2594 3098 2655 Sclauonie
3144 2592 3312 2675 bani,

741 2704 805 2765 in
853 2705 1069 2766 sedem
1116 2704 1611 2784 Zagrabiensem
1659 2703 1743 2764 ad
1786 2703 2122 2763 terminum
2167 2711 2644 2782 competentem,
2691 2701 3012 2763 racionem
3059 2711 3304 2763 contra·

744 2812 1041 2873 diccionis
1105 2832 1322 2873 eorum
1369 2812 1738 2885 redditurOS,
1806 2819 1869 2872 et
1930 2820 2075 2891 post
2134 2812 2252 2872 hec
2299 2810 2656 2872 huiusmodi
2715 2810 3198 2873 introduccionis
3245 2818 3310 2872 et

744 2920 1107 2981 statucionis
1158 2920 1385 2981 seriem
1433 2939 1577 2980 cum
1640 2918 2168 2980 contradictorum
2215 2927 2278 2979 et
2324 2928 2746 2994 evocatorum,
2809 2918 2864 2979 si
2911 2920 3016 2999 qui
3061 2918 3306 2993 fuerint,

742 3028 1211 3107 vicinorumque
1260 3036 1323 3088 et
1368 3034 1956 3101 commetaneorum,
2006 3026 2112 3105 qui
2157 3025 2460 3105 premisse
2509 3026 2956 3087 introduccioni
3004 3034 3068 3087 et
3113 3033 3305 3087 statu-

743 3136 904 3196 cioni
969 3135 1313 3196 intererunt
1371 3134 1725 3195 nominibus
1786 3134 2176 3214 terminoque
2225 3133 2567 3214 assignato,
2617 3134 2823 3194 eidem
2876 3135 3044 3195 bano
3089 3141 3304 3194 nostro

743 3262 919 3303 more
965 3242 1146 3303 solito
1192 3242 1460 3303 fideliter
1503 3241 1879 3303 rescribatis
1926 3242 2264 3301 Presentes
2312 3250 2524 3301 autern
2552 3242 2757 3321 sigillo
2803 3250 3018 3303 nostro
3065 3241 3302 3316 maiori,

742 3372 867 3432 quo
912 3359 981 3410 ut
1026 3370 1136 3412 rex
1182 3350 1511 3432 Hungarie
1558 3349 1803 3424 utimur,
1858 3349 2121 3410 fecimus
2169 3348 2547 3430 consignari.
2597 3352 2829 3411 Datum
2875 3350 3192 3432 Strigonii,
3239 3349 3301 3409 in

740 3460 901 3520 festo
968 3460 1298 3520 beatorum
1362 3458 1487 3519 Viti
1552 3467 1615 3518 et
1674 3458 1951 3518 Modesti
2013 3466 2374 3536 martyrum,
2445 3478 2610 3519 anno
2670 3458 2901 3519 domini
2976 3460 3302 3519 millesimo

741 3566 1359 3648 quadringentesimo
1431 3564 1819 3641 duodecimO,
1898 3584 2237 3647 regnorum
2309 3574 2664 3627 nostrorum
2743 3586 2906 3627 anno
2977 3566 3302 3647 Hungarie

740 3676 1049 3755 vigesimo
1098 3674 1333 3753 quinto,
1380 3676 1803 3735 Romanorum
1854 3693 2004 3735 vero
2052 3675 2345 3735 secundo.

952 3815 993 3868 E
1018 3818 1373 3884 transumpto
1401 3815 1628 3869 authen.
1670 3812 2063 3883 christophori
2091 3812 2321 3883 Vngnad
2357 3814 2581 3869 comitis
2607 3812 3043 3869 Varasdinensis
3069 3829 3120 3869 a.
3145 3812 3301 3868 1588.

738 3906 801 3960 ln
838 3905 1073 3960 archivo
1112 3920 1395 3959 commun.
1434 3902 1606 3959 nobil.
1646 3904 1714 3958 de
1752 3903 2074 3973 Turopolje.
2131 3904 2297 3958 Extat
2332 3904 2504 3959 etiam
2545 3903 2712 3973 copia
2749 3903 3175 3959 statutor-iarum
3213 3920 3304 3957 ca-

738 3994 899 4065 pituli
936 3993 1329 4063 Zagrabiensis
1368 4009 1417 4048 a.
1458 3992 1613 4049 ¹418.
1652 3993 1702 4048 1.
1740 3992 1982 4061 augusti,
2038 4008 2179 4061 quas
2217 4009 2269 4050 a.
2310 3992 2466 4047 1582.
2515 3992 2849 4062 Rudolphus
2904 3993 2966 4047 11.
3022 4008 3118 4046 rex
3171 4008 3303 4047 con-

738 4082 997 4137 firmavit.
1054 4080 1231 4152 Copia
1272 4084 1417 4137 lecta
1460 4086 1517 4137 et
1560 4085 1810 4137 correcta
1865 4085 1953 4136 est
1975 4098 2078 4152 per
2114 4081 2398 4138 Andr-eam
2450 4081 2890 4137 Chednekouich
2929 4082 3093 4136 iurat.
3120 4086 3303 4141 notar.

739 4172 933 4243 Campi
972 4172 1379 4241 Zagrabiensis,
1438 4172 1647 4228 saeculi
1688 4171 1851 4227 xvn.
1889 4173 1951 4226 In
1991 4172 2132 4226 cista
2187 4188 2471 4226 commun.
2512 4164 2624 4227 nob
2695 4172 2764 4225 de
2815 4172 2977 4227 Infer.
3017 4170 3299 4227 Lukavec.
