3917 5592
3063 405 3147 465 97

593 618 734 676 Ibra
778 616 886 677 filii
931 618 1145 695 Zoych
1193 619 1272 677 de
1319 618 1627 677 Mrachlin
1676 617 1753 677 ab
1791 638 1929 691 vna,
1966 619 2043 678 ab
2094 620 2291 678 altera
2338 638 2487 678 vero
2536 620 2708 679 Iwan
2758 620 2919 680 filius
2950 623 3150 683 Mete-

593 725 716 784 hen
778 724 886 785 filii
949 726 1269 802 Radozlay
1335 726 1414 785 de
1463 726 1703 799 eadem,
1765 726 2005 786 nobiles
2070 725 2439 807 iobagiones
2517 728 2596 786 de
2646 726 2907 807 Camp0,
2974 729 3165 789 iidem

595 834 939 909 BarnabaS,
1002 835 1174 894 Iwan
1242 833 1358 893 sibi
1407 834 1720 893 contraria
1782 833 1889 893 tali
1953 835 2141 893 modo
2204 835 2638 913 proponebant
2686 834 2746 893 in
2794 837 2945 896 sede
3012 836 3158 897 inde

593 940 978 1002 iudiciariam
993 938 1026 1018 ¹,
1075 943 1242 1021 quod
1289 944 1464 1001 Iwan
1510 942 1673 1001 filius
1723 938 1987 1021 Machy²
2017 944 2126 1004 filii
2156 945 2476 1021 Radozlay
2532 946 2762 1004 nullam
2795 946 3157 1023 porcionem

595 1067 810 1108 secum
881 1049 942 1109 in
1031 1057 1254 1129 quarta
1326 1056 1504 1127 parte
1569 1050 1988 1128 possessionis
2054 1046 2387 1112 Mraczlin³
2454 1046 2807 1125 haberent,⁴¹
2853 1072 2977 1131 quo
3049 1074 3156 1114 au-

595 1154 721 1215 dito
782 1157 954 1216 Iwan
1015 1156 1177 1217 filius
1241 1157 1536 1219 Metehen
1600 1158 1873 1235 porrexit
1933 1159 2115 1219 nobis
2170 1178 2359 1219 vnam
2408 1159 2675 1219 litteram
2722 1178 2865 1218 cum
2914 1160 3160 1220 duobus

595 1262 811 1343 sigillis
859 1264 1276 1341 pendentibus
1324 1264 1566 1323 comitis
1613 1264 2061 1344 Zagrabiensis
2110 1275 2172 1327 et
2216 1267 2544 1341 terrestriS‚
2608 1266 2671 1347 in
2719 1287 2845 1345 qua
2893 1268 2983 1327 sic
3014 1288 3162 1328 con-

593 1370 936 1431 tinebatur:
985 1372 1152 1450 quod
1200 1371 1316 1449 ipsi
1349 1372 1646 1433 Metehen
1694 1392 1884 1451 quam
1930 1375 2171 1449 Bank0‚
2200 1375 2494 1435 Matheus
2526 1374 2633 1434 filii
2665 1375 2985 1453 Radozlay
3018 1396 3157 1436 cum

597 1478 834 1539 eisdem
880 1479 1177 1539 Barnaba
1224 1488 1285 1540 et
1331 1481 1504 1539 Iwan
1553 1480 1614 1539 in
1663 1490 1886 1558 quarta
1947 1490 2125 1560 parte
2174 1481 2591 1560 possessionis
2638 1484 2991 1561 Mracz[li]n
3038 1492 3159 1544 ter-

597 1586 757 1646 ciam
805 1596 1046 1665 partem
1094 1587 1413 1662 haberent,
1444 1588 1604 1647 sicut
1649 1588 1714 1647 in
1759 1589 1977 1648 litteris
2008 1608 2223 1648 eorum
2264 1589 2755 1669 priuilegialibus
2790 1590 3157 1665 continetur,

594 1713 716 1772 que
762 1694 958 1754 tercia
1021 1714 1169 1773 pars
1233 1714 1347 1773 per
1393 1715 1617 1755 manus
1675 1696 1940 1755 filiorum
1989 1696 2308 1773 Radozlay
2378 1695 2832 1756 antedictorum
2881 1694 3159 1757 fuerant⁵

593 1801 700 1861 filii
746 1802 983 1879 Stoych
1031 1821 1070 1861 a
1116 1802 1324 1862 multis
1371 1803 1757 1881 temporibus
1803 1803 2240 1883 impignorata,
2291 1804 2454 1864 vnde
2481 1823 2597 1863 nos
2645 1804 2871 1864 auditis
2927 1806 3155 1864 instru-

595 1902 836 1967 menta⁶
897 1928 1113 1969 eorum
1177 1909 1499 1969 ambarum
1551 1908 1847 1987 parcium,
1910 1930 2181 1970 vnacum
2231 1911 2537 1971 nobilibus
2603 1912 3003 1993 consedendo
3053 1911 3159 1971 tali

595 2016 783 2075 modo
833 2016 1328 2077 adiudicauimus
1376 2018 1654 2095 predicto
1718 2019 1890 2077 Iwan
1952 2018 2078 2078 filio
2127 2018 2422 2079 Metehen
2470 2018 2594 2078 filio
2649 2019 2969 2095 Radozlay
3016 2038 3154 2097 pre-

596 2122 828 2183 dictam
873 2124 1132 2183 terciam
1177 2126 1540 2203 porcionem
1596 2124 1658 2184 in
1705 2134 1930 2204 quarta
1977 2118 2204 2203 partis⁷
2249 2125 2482 2185 inuolui
2528 2126 2804 2203 plenarie
2852 2126 3155 2185 haberent

596 2238 658 2290 et
722 2238 1008 2291 tenerent
1068 2231 1201 2291 iure
1263 2240 1566 2310 perpetuo
1630 2240 1692 2291 et
1752 2231 2241 2292 irreuocabiliter
2301 2232 2765 2310 possidendam,
2820 2232 3157 2292 tenendam

594 2338 829 2415 pariter
888 2347 951 2399 et
1004 2340 1362 2399 habendam
1408 2339 1470 2399 in
1519 2340 1677 2399 filios
1739 2340 2008 2400 filiorum
2072 2348 2134 2399 et
2179 2340 2445 2399 heredes
2514 2358 2625 2417 per
2671 2340 2973 2400 heredum
3021 2338 3156 2398 sine

594 2445 719 2504 vlla
765 2446 1265 2507 contradiccione
1331 2447 1751 2524 predictorum
1814 2448 1984 2507 Iwan
2048 2455 2109 2506 et
2174 2446 2464 2506 Bamabe
2526 2446 2791 2506 filiorum
2864 2447 3007 2506 Ibra
3053 2444 3159 2505 filii

595 2554 826 2629 Zoych,
875 2562 938 2613 et
981 2562 1352 2632 perpetuum
1399 2554 1721 2614 silencium
1771 2562 1987 2613 contra
2052 2553 2365 2631 predictos
2414 2553 2573 2613 filios
2621 2554 2957 2630 Radozlay,
3006 2552 3156 2611 item

593 2660 794 2719 eciam
838 2660 948 2720 tali
994 2661 1356 2721 condicione
1407 2660 1787 2739 interposita,
1836 2662 2005 2740 quod
2051 2661 2104 2719 si
2150 2660 2354 2739 ipsum
2402 2662 2574 2720 Iwan
2620 2660 2815 2720 filium
2859 2659 3156 2721 Metehen

595 2765 751 2827 mori
813 2768 1204 2847 contingeret
1265 2770 1398 2829 sine
1461 2769 1711 2841 herede,
1777 2776 1924 2827 tunc
1985 2767 2301 2846 predictus
2348 2769 2523 2828 Iwan
2571 2776 2634 2829 et
2679 2767 3006 2828 Barnabas
3056 2767 3153 2826 vel

596 2874 690 2934 sui
737 2875 1003 2935 heredes
1033 2895 1072 2935 a
1104 2876 1243 2935 filiis
1291 2868 1558 2953 Stoych⁸
1606 2876 1911 2935 redimere
1957 2875 2243 2953 poterint.
2290 2876 2360 2935 In
2394 2876 2569 2935 cuius
2604 2874 2692 2934 rei
2724 2872 3147 2934 testimonium

595 2992 658 3042 et
702 2982 1058 3043 firmitatem
1091 2992 1478 3062 perpetuam,
1525 2984 1916 3061 presentibus
1950 2983 2155 3063 sigilla
2202 2991 2415 3043 nostra
2446 2982 2735 3044 duximus
2768 2976 3152 3061 pendenda.‘·'

595 3091 826 3149 Datum
872 3090 1201 3171 Zagrabie,
1250 3090 1406 3150 feria
1453 3093 1730 3151 secunda
1777 3090 2059 3169 proxima
2108 3100 2251 3150 ante
2298 3091 2525 3150 festum
2571 3092 2756 3150 beate
2805 3088 3147 3151 Katherine

595 3196 871 3277 virginiS‚
920 3216 1084 3257 anno
1133 3198 1367 3258 domini
1412 3197 1738 3258 milleSImo
1786 3198 2225 3259 trecentesimo
2275 3197 2744 3277 septuagesimo
2792 3205 2985 3256 sexto,

805 3318 848 3372 E
885 3322 1239 3389 transumpto
1289 3319 1434 3387 regis
1482 3318 1754 3373 Ludovici
1805 3336 1854 3373 a.
1907 3319 2061 3373 1520.
2115 3318 2197 3372 11.
2243 3318 2400 3385 iunii,
2441 3319 2591 3387 quod
2631 3319 2817 3372 denuo
2860 3316 3011 3370 idem
3050 3333 3149 3370 rex

597 3425 645 3463 a.
686 3408 840 3463 15:²4.
896 3407 948 3462 4.
989 3409 1300 3464 decembris
1357 3408 1740 3477 transumpsit.
1817 3410 1876 3462 In
1931 3409 2165 3463 archivo
2222 3424 2506 3462 commun.
2546 3408 2675 3461 nob.
2726 3407 2793 3461 de
2832 3405 3152 3474 Turopolje.

817 3537 832 3567 ¹
871 3536 968 3591 sic.
1059 3538 1078 3565 ²
1116 3536 1214 3590 sic.
1303 3538 1322 3566 ³
1361 3536 1614 3604 sequitur
1662 3536 1931 3590 deletum:
1989 3538 2192 3597 „n0n“.
2269 3534 2289 3563 ⁴
2328 3534 2427 3588 sic.
2519 3535 2537 3563 ⁵
2574 3534 2669 3589 sie.
2749 3534 2768 3562 ⁶
2806 3534 2885 3589 sic
2931 3532 3156 3605 (instru-

597 3626 839 3697 mentis).
919 3627 938 3655 ⁷
975 3625 1056 3681 sic
1094 3626 1310 3696 (parte).
1388 3628 1408 3655 ¹³
1445 3626 1542 3680 sic.
1620 3627 1640 3655 ⁹
1675 3626 1774 3681 sic.
2022 3618 2035 3634 ‘

1802 3803 1948 3875 03.

809 3971 993 4030 Anno
1051 3968 1231 4031 1377.
1281 3969 1383 4030 22.
1433 3970 1596 4031 iunii.
1646 3970 2017 4049 Zagrabiae.

602 4131 850 4194 Coram
900 4129 1242 4213 wmgistro
1291 4126 1580 4192 Nicolao
1627 4128 1708 4192 de
1767 4128 2009 4192 Virtus
2056 4128 2304 4192 comite
2349 4127 2809 4213 Zagrabieusi
2850 4128 3157 4192 castella·

597 4257 814 4321 noque
859 4236 941 4300 de
987 4234 1233 4301 AIedue
1263 4238 1327 4299 et
1374 4235 1584 4313 Iwan,
1613 4236 1775 4320 filio
1817 4234 2117 4321 Gregori
2148 4236 2395 4299 comite
2426 4236 2743 4300 terrestri
2776 4236 2857 4299 de
2894 4236 3153 4318 Campo

597 4342 1073 4429 Zagrabiensi,
1119 4342 1385 4427 questio
1435 4343 1704 4407 ratione
1745 4343 2209 4427 possessionis
2258 4342 2483 4419 Pleza,
2520 4342 2706 4406 inter
2736 4341 3153 4407 Ladislaum

599 4450 828 4532 filium
889 4449 1142 4515 Tliome
1190 4449 1566 4535 filiumque
1610 4470 1822 4515 suum
1869 4449 2307 4515 Anthonium
2352 4448 2435 4513 ab
2484 4468 2647 4527 una,
2691 4451 2756 4512 et
2802 4447 2885 4511 ab
2931 4448 3157 4511 altera

591 4560 791 4641 parte
859 4557 1258 4623 Martinam
1321 4562 1386 4621 et
1447 4557 1735 4622 Petrum
1784 4556 1985 4641 filios
2054 4555 2392 4621 Iohannis
2454 4559 2626 4634 orta,
2690 4560 2819 4639 per
2886 4555 3153 4619 iudices

1482 4664 1786 4730 arbitros
1831 4664 2268 4730 deliberatur.

811 4832 944 4890 Nos
1007 4831 1308 4910 magister
1369 4830 1664 4889 Nicolaus
1729 4832 1806 4890 de
1873 4830 2082 4889 Virtus
2146 4848 2357 4888 comes
2417 4827 2861 4907 Zagrabiensis
2937 4828 3155 4885 castel-

597 4941 902 5023 lanusque
950 4940 1028 4999 de
1077 4939 1308 5002 Medue
1358 4947 1420 5002 et
1467 4940 1636 5001 Iwan
1682 4938 1843 5002 filius
1892 4937 2162 5023 Gregori
2209 4934 2517 4999 terrestris
2552 4953 2762 4994 comes
2794 4935 2872 4994 de
2906 4936 3151 5012 Campo

2976 5056 3008 5116 7
