3917 5592
981 866 1165 926 Anno
1223 862 1408 926 1249.

767 1060 1158 1145 Stephanus
1220 1059 1437 1123 totius
1491 1058 1897 1124 Sclavoniae
1950 1058 2191 1139 banus,
2254 1058 2741 1144 iobagionibus
2802 1060 3021 1125 castri
3072 1060 3330 1145 Zagru-

765 1170 1045 1248 biensiS,
1110 1167 1364 1231 silvam
1421 1188 1679 1245 eorum,
1726 1188 1936 1252 quam
1985 1167 2161 1231 Ivan
2204 1165 2415 1251 filius
2468 1167 2743 1247 Iruzlai
2792 1172 2856 1232 et
2884 1170 3164 1253 cognati
3212 1168 3332 1232 sui

1470 1274 1808 1338 violenter
1853 1258 2238 1352 intrarunt,
2287 1274 2615 1339 restituit.

2930 1470 3116 1524 Modo.

982 1603 1116 1665 Nos
1179 1604 1538 1683 Stephanus
1607 1604 1809 1663 banus
1878 1600 2079 1660 tocius
2148 1599 2479 1667 Sclauonie
2550 1600 2979 1680 significamus
3042 1600 3329 1661 omnibus

765 1732 1026 1791 presens
1074 1713 1372 1792 scriptum
1418 1710 1807 1789 inspecturiS,
1863 1710 2033 1788 quod
2080 1708 2518 1787 iobagionibus
2568 1708 2756 1768 castri
2802 1707 3246 1788 Zagrabiensis
3294 1728 3331 1769 a

768 1829 945 1899 parte
994 1840 1121 1880 una
1167 1830 1230 1879 et
1273 1820 1425 1881 Ioan
1471 1819 1596 1878 filio
1639 1817 1886 1893 Iruzlay
1917 1824 1983 1875 et
2014 1815 2299 1895 cognatis
2348 1814 2477 1873 suis
2526 1815 2604 1874 ab
2654 1816 2851 1896 altera
2891 1833 3103 1875 coram
3152 1814 3331 1874 nobis

769 1927 1134 2003 constitutiS,
1198 1927 1565 2007 iobagiones
1629 1924 1817 1985 castri
1881 1924 2175 1984 dicebant
2240 1923 2583 1997 memorati,
2648 1924 2817 2001 quod
2856 1922 2994 2001 'ipsi
3041 1924 3189 1982 Ioan
3256 1943 3330 1982 ac

723 2045 731 2053 ·
768 2034 1022 2115 cognati
1069 2034 1166 2094 sui
1196 2034 1258 2093 in
1291 2034 1514 2094 siluam
1562 2051 1778 2093 eorum
1826 2031 2132 2090 uiolenter
2177 2030 2479 2089 intrantes
2528 2048 2753 2108 porcos
2785 2030 2847 2089 in
2889 2031 3111 2090 eadem
3157 2030 3330 2108 pasci

765 2141 1048 2201 facerent
1094 2160 1242 2201 suos
1291 2148 1510 2201 contra
1541 2140 1816 2217 ipsorum
1864 2138 2267 2196 uoluntatem.
2316 2136 2418 2195 Ad
2451 2139 2622 2215 quod
2667 2139 2818 2197 Ioan
2850 2157 2992 2196 cum
3039 2138 3327 2217 cognatis

769 2248 903 2308 eius
952 2249 1284 2327 quicquam
1344 2268 1468 2307 non
1518 2246 1985 2325 respondenteS,
2050 2245 2163 2303 sed
2209 2244 2411 2321 ipsam
2474 2245 2697 2304 siluam
2744 2245 2993 2305 nomine
3057 2245 3331 2323 ipsorum

768 2356 1172 2435 iobagionum
1221 2355 1409 2415 castri
1437 2354 1698 2433 pacifice
1747 2352 1988 2411 eisdem
2021 2351 2461 2429 relinquerunt,
2510 2371 2700 2429 quam
2747 2354 2935 2411 modo
2985 2348 3175 2412 aduc'
3218 2372 3333 2431 per

767 2463 1098 2540 pristaldos
1162 2471 1407 2521 nostros
1473 2462 1820 2521 Arnoldum
1883 2458 2175 2518 videlicet
2220 2466 2283 2517 et
2328 2459 2654 2519 lurconem
2720 2459 2915 2519 filium
2976 2459 3189 2519 Orcun
3252 2461 3329 2519 de

768 2570 967 2629 Blena
1028 2570 1264 2629 eisdem
1326 2569 1585 2629 fecimus
1648 2567 1888 2635 restitui
1955 2575 2018 2625 et
2074 2566 2387 2646 assignari
2448 2567 2565 2626 sub
2636 2569 2753 2643 hys
2820 2566 3329 2643 distinctionibuS,

769 2684 953 2754 prout
1017 2676 1298 2753 pristaldi
1357 2676 1725 2735 retulerunt:
1796 2673 2087 2732 uidelicet
2155 2673 2384 2732 fluuius
2445 2674 2705 2733 Ruocha
2768 2674 2986 2734 diuidit
3046 2694 3185 2735 eam
3252 2676 3330 2735 de

768 2792 936 2842 terra
997 2783 1293 2843 nobilium
1355 2783 1432 2843 de
1501 2782 1811 2856 MonozIO,
1881 2781 2029 2839 item
2078 2781 2155 2839 de
2202 2780 2463 2839 Ruocha
2520 2780 2744 2839 transit
2788 2790 2958 2841 meta
3022 2782 3155 2842 eius
3220 2801 3334 2861 per

770 2891 1042 2950 medium
1075 2890 1246 2950 Odre
1281 2892 1361 2950 ad
1393 2892 1683 2950 arborem
1716 2890 2067 2967 populeam,
2114 2887 2259 2976 inde
2292 2888 2464 2948 iuxta
2497 2887 2672 2948 Odra
2704 2890 2990 2966 superius
3022 2889 3331 2969 transiens

771 2997 936 3057 cadit
980 2997 1042 3056 in
1087 2998 1346 3057 fluuium
1391 2998 1783 3071 Leckennuc‚
1833 2996 1975 3055 inde
2024 3003 2235 3055 autem
2264 3014 2377 3073 per
2410 2990 2782 3055 Lekennuc²
2829 2997 3115 3074 superius
3163 3007 3328 3056 tran-

769 3104 936 3164 siens
985 3103 1110 3164 exit
1156 3106 1236 3164 ad
1284 3124 1512 3183 aquam
1560 3103 1847 3180 Obonyn,
1894 3102 2040 3189 inde
2074 3102 2151 3161 de
2201 3101 2473 3179 Obonyn
2525 3102 2651 3162 exit
2696 3111 2758 3162 et
2792 3103 2964 3163 uadit
3011 3105 3091 3164 ad
3137 3106 3334 3164 lutum

769 3212 1055 3287 Mortoyz
1089 3212 1355 3285 nomine,
1403 3212 1546 3271 inde
1593 3212 1672 3271 de
1720 3212 2009 3288 Mortoyz
2058 3209 2183 3269 exit
2216 3219 2279 3268 et
2323 3210 2497 3269 uadit
2545 3211 2625 3269 ad
2674 3210 2841 3270 uiam
2873 3213 3141 3285 Losnek,
3190 3212 3333 3272 inde

769 3336 882 3396 per
927 3318 1092 3377 illam
1125 3319 1292 3378 uiam
1340 3318 1505 3377 cadit
1535 3318 1598 3377 in
1633 3338 1863 3395 aquam
1908 3319 2107 3390 Buna,
2155 3335 2268 3394 per
2296 3316 2542 3375 Bunam
2590 3327 2800 3377 autem
2834 3319 3009 3399 uadit
3050 3319 3337 3397 superius

772 3432 834 3483 et
892 3426 1064 3484 venit
1111 3426 1191 3485 ad
1238 3434 1468 3485 terram
1529 3425 1827 3501 Mrascyn
1874 3432 2181 3498 uocatam,
2254 3424 2399 3484 inde
2448 3425 2615 3485 cadit
2682 3426 2744 3485 in
2803 3445 3032 3505 aquam
3079 3426 3331 3509 Oudina

770 3532 1077 3593 ueniendo
1141 3533 1393 3594 inferius
1456 3533 1622 3593 cadit
1689 3533 1749 3591 in
1807 3533 2067 3591 fluuium
2130 3533 2322 3608 odra,
2416 3552 2528 3611 per
2589 3533 2830 3595 Odram
2902 3544 3111 3595 autem
3166 3536 3336 3596 uenit

769 3639 1023 3700 inferius
1071 3640 1196 3700 exit
1228 3642 1310 3699 ad
1341 3658 1570 3718 aquam
1615 3640 1914 3717 Rybniza,
1964 3640 2105 3699 inde
2154 3649 2363 3700 autem
2413 3641 2588 3700 vadit
2634 3642 2920 3720 superius
2954 3651 3018 3703 et
3046 3643 3332 3722 peruenit

772 3749 853 3813 ad
899 3756 1086 3826 caput
1129 3748 1301 3827 putei
1346 3749 1601 3825 Zdency
1634 3747 1857 3822 uocati,
1905 3746 2048 3807 inde
2080 3748 2252 3807 uenit
2285 3748 2366 3807 ad
2396 3748 2589 3823 Zaua,
2638 3749 2743 3808 ubi
2790 3758 2887 3809 est
2930 3752 3071 3827 ylex
3118 3752 3333 3827 Veyza

774 3862 1018 3927 uocata,
1079 3854 1224 3914 inde
1271 3875 1385 3932 per
1445 3856 1622 3914 Zaua
1690 3855 2001 3915 transiens
2056 3854 2227 3914 uenit
2294 3864 2529 3915 metam
2597 3858 2675 3915 ad
2743 3857 3013 3935 priorem
3076 3858 3337 3918 Ruocha

771 3960 1170 4020 nominatam.
1218 3962 1312 4019 Ita
1338 3948 1548 4021 tamen
1581 3962 1751 4039 quod
1781 3962 1884 4021 illa
1917 3962 2093 4049 silua*
2120 3962 2389 4040 pertinet
2420 3963 2814 4023 solummodo
2853 3965 2933 4024 ad
2964 3965 3332 4045 iobagiones

772 4068 959 4127 castri
1005 4068 1254 4128 nomine
1317 4068 1467 4128 iuris
1513 4070 1806 4147 ipsorum,
1875 4070 2115 4130 nobiles
2163 4077 2375 4130 autem
2440 4090 2566 4130 non
2628 4072 2863 4131 habent
2910 4071 2994 4131 ibi
3062 4072 3331 4151 aliquam

773 4168 1180 4252 porcionem,⁰
1227 4193 1343 4234 nec
1389 4176 1471 4235 illi
1531 4177 1765 4235 habent
1823 4177 2181 4254 porcionem
2228 4177 2329 4252 ibi,
2377 4180 2482 4257 qui
2550 4187 2695 4238 sunt
2759 4181 2837 4238 de
2900 4199 3134 4259 genere
3200 4199 3331 4241 ser-

773 4282 1049 4342 uientum
1082 4283 1266 4363 regie.
1316 4284 1397 4342 Vt
1443 4293 1652 4343 autem
1691 4284 1873 4342 huius
1899 4285 1988 4343 rei
2037 4284 2231 4344 series
2280 4286 2459 4345 salua
2491 4287 2585 4361 sit,
2615 4287 2852 4347 litteras
2900 4295 3147 4348 nostras
3180 4308 3323 4348 con-

775 4390 1076 4449 cessimus
1109 4390 1172 4448 in
1205 4390 1526 4503 amplioris
1564 4390 1708 4449 fidei
1740 4392 2215 4507 firmamentum.
2266 4392 2450 4452 Anno
2483 4395 2699 4453 salutis
2749 4388 2863 4454 M⁰.
2870 4390 3029 4455 CC0.
3034 4390 3191 4461 XL⁰.
3196 4391 3328 4455 IX0.

990 4528 1294 4598 originale
1328 4496 1749 4583 membraneum
1791 4547 1917 4597 cum
1957 4534 2101 4586 bene
2130 4536 2438 4602 asservato,
2498 4550 2534 4587 a
2559 4537 2721 4589 flava
2760 4536 2975 4591 sericea
3012 4554 3157 4593 zona
3192 4547 3329 4606 pen-

775 4618 939 4671 dente
977 4618 1175 4685 sigillo.
1200 4618 1274 4671 In
1313 4617 1544 4671 archivo
1583 4621 1712 4673 nob:
1749 4620 2189 4676 communitatis.
2213 4622 2535 4691 Turopolje.

995 4782 1008 4809 ¹
1047 4780 1141 4834 sic.
1185 4780 1208 4811 ²
1245 4781 1340 4835 sic.
1385 4784 1402 4810 ³
1440 4784 1690 4851 sequitur
1729 4770 1972 4839 deletum
2015 4787 2143 4853 „vt“
2150 4830 2161 4840 .
