3917 5592
818 462 948 523 268

819 696 984 737 anno
1015 675 1336 736 incarnate
1365 674 1612 736 deitatis
1637 674 1962 735 millesimo
1989 672 2606 753 quadringentesimo
2631 669 3116 751 quadragesimo
3137 676 3375 748 quarto,

816 784 880 855 in
931 785 1149 843 charta
1194 792 1504 844 emanata.

1026 905 1234 959 Mentio
1273 905 1329 959 in
1358 905 1544 959 literis
1583 904 1727 973 regis
1765 903 2038 958 Ludovici
2078 918 2127 957 a.
2168 902 2324 957 1520.
2375 902 2448 956 11.
2486 901 2645 970 iunii,
2712 917 2852 970 quas
2889 917 2941 955 a.
2998 899 3152 954 1524.
3191 898 3244 953 4.
3283 898 3376 951 de-

821 996 1060 1049 cembris
1103 995 1249 1049 idem
1289 1011 1386 1049 rex
1426 994 1808 1063 transumpsit.
1848 994 1909 1047 In
1948 994 2182 1047 archivo
2222 1008 2504 1046 commun.
2545 992 2674 1046 nob.
2714 991 2783 1044 de
2821 989 3141 1058 Turopolje.

2001 1275 2213 1347 25³.

1037 1479 1222 1539 Anno
1278 1475 1462 1538 1445.
1513 1473 1616 1536 26.
1667 1475 1808 1536 iulii.
1857 1476 2230 1556 Zagrabiae.

832 1671 1084 1737 Coram
1133 1670 1441 1735 Iohanne
1486 1668 1853 1754 Rayachar
1897 1668 2144 1733 comite
2196 1668 2443 1752 Campi
2476 1665 2993 1752 Zagrabiensis,
3038 1687 3120 1730 ac
3174 1664 3379 1731 Geor-

819 1780 946 1863 gio
983 1778 1144 1863 filio
1190 1778 1444 1862 Egidii
1474 1778 1555 1841 de
1583 1776 1994 1853 Korilowcz‚
2024 1776 2271 1840 comite
2302 1779 2462 1840 terr.
2512 1774 2820 1839 eiusdem
2874 1773 3139 1859 Campi,
3171 1774 3383 1858 Elyas

820 1886 1031 1971 filius
1076 1884 1417 1950 Iohannis
1452 1883 1606 1968 filii
1640 1884 1796 1969 Jelk
1841 1884 1923 1947 de
1972 1883 2193 1959 Plezo,
2253 1886 2575 1968 quartam
2616 1882 3015 1966 puellarem,
3062 1880 3387 1945 dominae

831 1992 1320 2078 Margarethae
1336 1990 1540 2075 filiae
1578 1990 1786 2054 Pauli
1820 1989 1975 2074 filii
2025 1989 2387 2055 Benedicti
2434 1988 2576 2069 filii
2622 1988 2797 2053 dicti
2829 1987 2999 2073 Jelk,
3047 1988 3384 2077 assignat.

1048 2193 1182 2251 Nos
1228 2191 1536 2250 Iohannes
1585 2190 1923 2266 Rayachar
1971 2208 2182 2248 comes
2230 2187 2457 2266 Campi
2480 2187 2924 2267 Zagrabiensis
2973 2205 3048 2248 ac
3072 2186 3384 2267 Georgius

831 2300 994 2361 filius
1041 2298 1248 2379 Egidii
1294 2300 1373 2358 de
1421 2297 1772 2357 Korilowcz
1834 2316 2047 2356 comes
2110 2296 2421 2356 terrestris
2470 2296 2746 2356 eiusdem
2798 2295 3023 2374 Campi
3086 2295 3385 2355 memorie

832 2408 1345 2469 commendamus
1392 2414 1608 2465 tenore
1656 2405 2051 2483 presencium
2098 2404 2524 2485 significantes
2572 2403 2795 2483 quibus
2844 2403 3093 2482 expedit
3140 2404 3384 2462 univer-

827 2515 931 2590 εἰς,
979 2515 1147 2593 quod
1193 2514 1384 2589 Elyas
1430 2512 1591 2571 filius
1623 2511 1914 2571 Iohannis
1964 2511 2069 2571 filii
2108 2512 2245 2589 Jelk
2294 2512 2372 2571 de
2420 2512 2626 2586 Plezo,
2674 2511 2737 2569 in
2784 2530 2903 2570 sua
2950 2518 3012 2571 et
3059 2510 3387 2570 Michaelis

834 2642 908 2682 ac
957 2622 1200 2681 Thome
1247 2639 1491 2681 necnon
1538 2619 1799 2699 Georgii
1844 2620 2111 2679 filiorum
2144 2639 2398 2679 suorum
2445 2620 2765 2698 personis;
2814 2618 2962 2679 item
3005 2617 3071 2677 in
3118 2636 3387 2696 persona

830 2730 1090 2807 Mathye
1137 2728 1245 2787 filii
1290 2728 1465 2787 Iwan
1510 2727 1618 2787 filii
1658 2727 1917 2805 predicti
1966 2727 2260 2788 Iohannis
2307 2728 2415 2788 filii
2447 2726 2641 2805 ipsius
2682 2727 2838 2807 Jelk,
2887 2746 2961 2787 ac
3008 2708 3070 2785 in
3117 2745 3389 2804 persona

829 2834 1131 2914 Stephani
1153 2834 1260 2894 filii
1284 2833 1607 2893 Benedicti
1626 2832 1734 2893 filii
1753 2832 1976 2912 prefati
1992 2834 2147 2913 Jelk,
2171 2834 2378 2895 fratris
2404 2855 2555 2895 vero
2577 2836 2673 2896 sui
2696 2838 3008 2915 patruelis,
3028 2858 3212 2899 omne
3230 2858 3387 2900 onus

831 2951 892 3002 et
939 2960 1287 3021 gravamen
1313 2940 1656 3000 eorundem
1685 2939 1952 2999 filiorum
2000 2948 2063 2999 et
2107 2940 2369 3002 fratrum
2401 2962 2653 3003 suorum
2703 2945 2766 3004 in
2812 2965 2882 3005 se
2930 2946 3133 3024 ipsum
3166 2954 3387 3025 sponte

831 3068 945 3128 per
975 3048 1186 3108 omnia
1220 3048 1682 3121 assummendO,
1717 3048 1798 3106 ad
1827 3040 2105 3107 nostram
2139 3050 2447 3110 veniendo
2480 3054 2887 3129 presenciam,
2936 3054 3261 3114 confessus
3294 3062 3389 3114 est

830 3156 892 3216 in
938 3158 1105 3215 hunc
1151 3156 1422 3228 modum,
1471 3163 1538 3214 ut
1585 3153 1719 3232 ipse
1768 3155 2088 3232 quandam
2146 3156 2493 3217 sessionem
2540 3178 2654 3218 seu
2699 3167 2928 3220 terram
2979 3162 3385 3222 sessionalem

835 3264 1103 3324 condam
1149 3262 1326 3322 Pauli
1373 3261 1480 3321 filii
1507 3260 1749 3339 'prefati
1794 3261 2118 3321 Benedicti
2160 3262 2265 3322 filii
2315 3264 2505 3342 ipsius
2566 3267 2705 3346 Jelk
2750 3266 2812 3326 in
2859 3268 3168 3345 Rakarya‚
3230 3267 3388 3329 inter

834 3372 1178 3432 sessionem
1228 3369 1657 3449 quartaliciam
1719 3368 2015 3429 nobilium
2083 3371 2475 3432 dominarum
2542 3374 2722 3434 unius
2770 3384 2833 3435 et
2880 3375 3131 3436 alterius
3193 3377 3387 3437 Elene

839 3497 913 3547 ac
959 3477 1150 3537 tercie
1195 3478 1409 3549 Elene,
1457 3475 1721 3534 filiarum
1770 3475 2048 3536 annotati
2096 3477 2418 3539 Benedicti
2465 3481 2569 3540 filii
2601 3480 2796 3560 ipsius
2834 3483 2972 3559 Jelk
3005 3483 3084 3542 ab
3133 3484 3386 3554 oriente,

835 3594 898 3646 et
943 3586 1102 3645 inter
1149 3584 1496 3644 sessionem
1544 3583 1802 3661 predicti
1865 3584 2021 3661 Elye
2070 3586 2149 3645 ab
2201 3586 2522 3649 accidente
2570 3589 2846 3649 habitam
2894 3598 2957 3651 et
3002 3592 3386 3664 existentem,

835 3693 992 3752 duas
1041 3692 1464 3752 dimensiones
1509 3691 1678 3771 wlgo
1739 3691 1951 3767 methy
2012 3692 2210 3753 dictas
2258 3694 2319 3754 in
2366 3714 2436 3755 se
2484 3696 2933 3772 continentem3
2996 3698 3145 3758 item
3192 3718 3384 3777 quan-

836 3800 981 3859 dam
1028 3808 1260 3858 terram
1294 3798 1592 3858 arabilem
1619 3799 1790 3877 wlgo
1840 3796 2245 3879 Okruglycza
2292 3802 2539 3877 dictam,
2588 3804 2649 3864 in
2696 3806 2819 3865 fine
2848 3806 3043 3885 ipsius
3089 3807 3387 3867 sessionis

833 3892 1193 3985 quartalicie
1228 3906 1533 3965 dictarum
1581 3890 1850 3965 filiarum
1878 3906 2073 3984 ipsius
2107 3908 2448 3984 Benedicti,
2498 3920 2561 3971 et
2604 3912 2666 3971 in
2694 3914 2837 3988 ¹fine
2870 3914 3146 3993 predicte
3201 3914 3385 3975 sessi·

835 4013 972 4073 onis
1038 4031 1151 4072 seu
1199 4021 1360 4071 terre
1430 4011 1788 4072 sessionalis
1853 4014 2116 4074 duarum
2186 4016 2659 4095 dimensionum,
2720 4039 2794 4080 ac
2841 4021 2903 4080 in
2966 4023 3090 4082 fine
3148 4021 3385 4100 prefate

837 4119 1134 4179 sessionis
1181 4118 1376 4197 ipsius
1439 4119 1611 4195 Elye,
1682 4139 1924 4179 necnon
1975 4120 2135 4181 inter
2196 4125 2511 4202 quandam
2558 4127 2727 4188 viam
2790 4148 3200 4204 communem,
3265 4148 3385 4209 que

834 4226 1003 4287 ducit
1050 4226 1127 4285 de
1160 4225 1452 4301 Rakarya
1487 4226 1568 4285 ad
1600 4226 1914 4303 Gorycam
1949 4237 2165 4289 sancte
2199 4230 2400 4292 Marie
2435 4241 2498 4293 et
2544 4236 2625 4294 ad
2656 4234 2963 4313 Chychan
3010 4238 3088 4298 ab
3130 4238 3385 4310 oriente,

831 4343 894 4396 et
939 4334 1100 4393 inter
1145 4341 1376 4393 terram
1425 4332 1723 4392 arabilem
1789 4335 2048 4412 predicti
2096 4338 2251 4413 Elye
2300 4340 2378 4399 ab
2441 4341 2765 4403 occidente
2812 4352 2875 4404 et
2918 4344 3259 4405 meridione
3306 4346 3385 4405 si-

829 4452 959 4502 tam
1007 4449 1070 4501 et
1113 4439 1408 4514 habitam,
1456 4449 1597 4499 octo
1645 4441 2065 4515 dimensiones
2120 4446 2288 4526 wlgo
2337 4450 2549 4525 methy
2596 4451 2795 4511 dictas
2842 4451 2903 4511 in
2951 4472 3020 4512 se
3068 4452 3385 4512 continen-

831 4560 976 4623 tem,
1047 4557 1110 4609 et
1179 4548 1232 4607 si
1298 4567 1422 4607 non
1493 4547 1722 4607 fuerint
1791 4558 1931 4609 octo
2004 4552 2425 4616 dimensiones
2494 4558 2663 4637 wlgo
2743 4559 2955 4636 methy
3026 4559 3187 4619 dicte
3257 4560 3384 4636 ple-

833 4658 1006 4717 narie
1077 4656 1138 4715 in
1219 4656 1442 4714 eadem
1521 4662 1688 4715 terr-a
1766 4658 1982 4718 arabili
2049 4658 2454 4742 Okruglycza
2526 4664 2692 4724 dicta
2766 4666 3018 4744 quando
3066 4684 3384 4725 mensura-

833 4765 1015 4837 bitur,
1087 4773 1234 4823 tunc
1308 4763 1441 4840 ipse
1509 4762 1699 4838 Elyas
1766 4782 1904 4823 cum
1980 4767 2101 4826 alia
2165 4775 2333 4830 terra
2398 4790 2513 4830 sua
2582 4770 2800 4831 arabili
2862 4772 3173 4849 predictas
3244 4782 3385 4833 octo

835 4871 1260 4931 dimensiones
1339 4870 1552 4947 methy
1623 4868 1820 4929 dictas
1889 4874 2199 4935 tenebitur
2268 4876 2624 4953 adimplere,
2713 4897 2787 4937 ac
2856 4878 3107 4956 insuper
3168 4898 3384 4939 omnes

841 4983 994 5041 alias
1077 4982 1473 5059 quartalicias
1539 4982 1969 5061 possessiones
2032 4992 2092 5042 et
2152 4983 2479 5061 porciones
2556 4984 3099 5062 possessionum&
3166 4986 3385 5063 quovis
