<?xml version="1.0" encoding="UTF-8"?>
<!DOCTYPE html PUBLIC "-//W3C//DTD XHTML 1.0 Transitional//EN"
    "http://www.w3.org/TR/xhtml1/DTD/xhtml1-transitional.dtd">
<html xmlns="http://www.w3.org/1999/xhtml" xml:lang="en" lang="en">
 <head>
  <title>
</title>
<meta http-equiv="Content-Type" content="text/html;charset=utf-8" />
  <meta name='ocr-system' content='tesseract 3.04.00' />
  <meta name='ocr-capabilities' content='ocr_page ocr_carea ocr_par ocr_line ocrx_word'/>
</head>
<body>
  <div class='ocr_page' id='page_1' title='image "./povjesnispomeni01laszgoog_0252.png"; bbox 0 0 3917 5592; ppageno 0'>
   <div class='ocr_carea' id='block_1_1' title="bbox 824 426 953 490">
    <p class='ocr_par' dir='ltr' id='par_1_1' title="bbox 824 426 953 490">
     <span class='ocr_line' id='line_1_1' title="bbox 824 426 953 490; baseline 0.008 -1"><span class='ocrx_word' id='word_1_1' title='bbox 824 426 953 490; x_wconf 77' lang='lat'>202</span> 
     </span>
    </p>
   </div>
   <div class='ocr_carea' id='block_1_2' title="bbox 819 642 3380 1261">
    <p class='ocr_par' dir='ltr' id='par_1_2' title="bbox 819 642 3380 1261">
     <span class='ocr_line' id='line_1_2' title="bbox 822 642 3380 723; baseline 0 -22"><span class='ocrx_word' id='word_1_2' title='bbox 822 650 1106 702; x_wconf 87' lang='lat' dir='ltr'>moveret</span> <span class='ocrx_word' id='word_1_3' title='bbox 1133 662 1247 703; x_wconf 91' lang='lat' dir='ltr'>seu</span> <span class='ocrx_word' id='word_1_4' title='bbox 1279 643 1627 716; x_wconf 82' lang='lat' dir='ltr'>suscitaret,</span> <span class='ocrx_word' id='word_1_5' title='bbox 1659 642 1799 702; x_wconf 87' lang='lat' dir='ltr'>talis</span> <span class='ocrx_word' id='word_1_6' title='bbox 1834 643 1895 723; x_wconf 90' lang='lat' dir='ltr'>id</span> <span class='ocrx_word' id='word_1_7' title='bbox 1926 644 2129 722; x_wconf 89' lang='lat' dir='ltr'>ipsum</span> <span class='ocrx_word' id='word_1_8' title='bbox 2165 644 2417 716; x_wconf 66' lang='lat' dir='ltr'>faciem,</span> <span class='ocrx_word' id='word_1_9' title='bbox 2465 644 2528 703; x_wconf 90' lang='lat' dir='ltr'>in</span> <span class='ocrx_word' id='word_1_10' title='bbox 2560 644 2780 723; x_wconf 86' lang='lat' dir='ltr'>viginti</span> <span class='ocrx_word' id='word_1_11' title='bbox 2832 645 3104 722; x_wconf 87' lang='lat' dir='ltr'>quinque</span> <span class='ocrx_word' id='word_1_12' title='bbox 3151 643 3380 702; x_wconf 89' lang='lat' dir='ltr'>marcis</span> 
     </span>
     <span class='ocr_line' id='line_1_3' title="bbox 819 750 3378 830; baseline -0 -21"><span class='ocrx_word' id='word_1_13' title='bbox 819 750 1234 823; x_wconf 88' lang='lat' dir='ltr'>denariorum,</span> <span class='ocrx_word' id='word_1_14' title='bbox 1268 758 1485 809; x_wconf 88' lang='lat' dir='ltr'>contra</span> <span class='ocrx_word' id='word_1_15' title='bbox 1509 760 1751 827; x_wconf 90' lang='lat' dir='ltr'>partem</span> <span class='ocrx_word' id='word_1_16' title='bbox 1784 751 2118 810; x_wconf 88' lang='lat' dir='ltr'>adversam</span> <span class='ocrx_word' id='word_1_17' title='bbox 2154 750 2558 810; x_wconf 89' lang='lat' dir='ltr'>convincatur</span> <span class='ocrx_word' id='word_1_18' title='bbox 2588 751 3004 830; x_wconf 86' lang='lat' dir='ltr'>birsagialiter</span> <span class='ocrx_word' id='word_1_19' title='bbox 3029 750 3164 830; x_wconf 89' lang='lat' dir='ltr'>ipso</span> <span class='ocrx_word' id='word_1_20' title='bbox 3194 750 3378 823; x_wconf 84' lang='lat' dir='ltr'>facto,</span> 
     </span>
     <span class='ocr_line' id='line_1_4' title="bbox 820 856 3380 936; baseline 0.001 -21"><span class='ocrx_word' id='word_1_21' title='bbox 820 858 997 916; x_wconf 81' lang='lat' dir='ltr'>salva</span> <span class='ocrx_word' id='word_1_22' title='bbox 1044 857 1339 935; x_wconf 85' lang='lat' dir='ltr'>porcione</span> <span class='ocrx_word' id='word_1_23' title='bbox 1403 856 1623 917; x_wconf 89' lang='lat' dir='ltr'>iudicis</span> <span class='ocrx_word' id='word_1_24' title='bbox 1670 864 1847 917; x_wconf 88' lang='lat' dir='ltr'>tanta</span> <span class='ocrx_word' id='word_1_25' title='bbox 1902 857 2089 917; x_wconf 87' lang='lat' dir='ltr'>idem.</span> <span class='ocrx_word' id='word_1_26' title='bbox 2155 859 2224 917; x_wconf 91' lang='lat' dir='ltr'>In</span> <span class='ocrx_word' id='word_1_27' title='bbox 2272 877 2538 936; x_wconf 88' lang='lat' dir='ltr'>quorum</span> <span class='ocrx_word' id='word_1_28' title='bbox 2592 858 2866 917; x_wconf 90' lang='lat' dir='ltr'>omnium</span> <span class='ocrx_word' id='word_1_29' title='bbox 2933 858 3380 936; x_wconf 68' lang='lat' dir='ltr'>premissorum</span> 
     </span>
     <span class='ocr_line' id='line_1_5' title="bbox 820 962 3379 1045; baseline 0.001 -23"><span class='ocrx_word' id='word_1_30' title='bbox 820 962 1241 1024; x_wconf 84' lang='lat' dir='ltr'>testimonium</span> <span class='ocrx_word' id='word_1_31' title='bbox 1275 972 1338 1024; x_wconf 90' lang='lat' dir='ltr'>et</span> <span class='ocrx_word' id='word_1_32' title='bbox 1363 964 1736 1037; x_wconf 85' lang='lat' dir='ltr'>firmitatem,</span> <span class='ocrx_word' id='word_1_33' title='bbox 1768 964 2163 1043; x_wconf 85' lang='lat' dir='ltr'><strong>presentibus</strong></span> <span class='ocrx_word' id='word_1_34' title='bbox 2211 965 2482 1045; x_wconf 88' lang='lat' dir='ltr'>sigillum</span> <span class='ocrx_word' id='word_1_35' title='bbox 2511 972 2792 1025; x_wconf 90' lang='lat' dir='ltr'>nostrum</span> <span class='ocrx_word' id='word_1_36' title='bbox 2824 964 3112 1024; x_wconf 82' lang='lat' dir='ltr'>duximus</span> <span class='ocrx_word' id='word_1_37' title='bbox 3146 984 3379 1043; x_wconf 83' lang='lat' dir='ltr'>appen-</span> 
     </span>
     <span class='ocr_line' id='line_1_6' title="bbox 820 1071 3373 1145; baseline 0 -14"><span class='ocrx_word' id='word_1_38' title='bbox 820 1072 1111 1131; x_wconf 88' lang='lat' dir='ltr'>dendum.</span> <span class='ocrx_word' id='word_1_39' title='bbox 1182 1072 1413 1131; x_wconf 89' lang='lat' dir='ltr'>Datum</span> <span class='ocrx_word' id='word_1_40' title='bbox 1485 1071 1549 1131; x_wconf 91' lang='lat' dir='ltr'>in</span> <span class='ocrx_word' id='word_1_41' title='bbox 1611 1071 1772 1131; x_wconf 88' lang='lat' dir='ltr'>festo</span> <span class='ocrx_word' id='word_1_42' title='bbox 1831 1072 2158 1132; x_wconf 85' lang='lat' dir='ltr'>beatorum</span> <span class='ocrx_word' id='word_1_43' title='bbox 2205 1072 2464 1133; x_wconf 87' lang='lat' dir='ltr'>Fabiani</span> <span class='ocrx_word' id='word_1_44' title='bbox 2513 1080 2574 1132; x_wconf 91' lang='lat' dir='ltr'>et</span> <span class='ocrx_word' id='word_1_45' title='bbox 2619 1072 2973 1133; x_wconf 86' lang='lat' dir='ltr'>Sebastiani</span> <span class='ocrx_word' id='word_1_46' title='bbox 3033 1073 3373 1145; x_wconf 89' lang='lat' dir='ltr'>martirum,</span> 
     </span>
     <span class='ocr_line' id='line_1_7' title="bbox 822 1179 2992 1261; baseline 0.001 -22"><span class='ocrx_word' id='word_1_47' title='bbox 822 1199 985 1240; x_wconf 93' lang='lat' dir='ltr'>anno</span> <span class='ocrx_word' id='word_1_48' title='bbox 1034 1180 1267 1240; x_wconf 87' lang='lat' dir='ltr'>domini</span> <span class='ocrx_word' id='word_1_49' title='bbox 1312 1180 1639 1241; x_wconf 91' lang='lat' dir='ltr'>millesimo</span> <span class='ocrx_word' id='word_1_50' title='bbox 1686 1179 2306 1261; x_wconf 87' lang='lat' dir='ltr'>quadringentesimo</span> <span class='ocrx_word' id='word_1_51' title='bbox 2352 1180 2662 1261; x_wconf 87' lang='lat' dir='ltr'>vigesimo</span> <span class='ocrx_word' id='word_1_52' title='bbox 2709 1180 2992 1260; x_wconf 87' lang='lat' dir='ltr'>septimo.</span> 
     </span>
    </p>
   </div>
   <div class='ocr_carea' id='block_1_3' title="bbox 814 1318 3376 1479">
    <p class='ocr_par' dir='ltr' id='par_1_3' title="bbox 814 1318 3376 1479">
     <span class='ocr_line' id='line_1_8' title="bbox 1033 1318 3376 1390; baseline 0 -15"><span class='ocrx_word' id='word_1_53' title='bbox 1033 1319 1317 1389; x_wconf 68' lang='lat' dir='ltr'>originale</span> <span class='ocrx_word' id='word_1_54' title='bbox 1356 1318 1799 1375; x_wconf 76' lang='lat' dir='ltr'>membraneum.</span> <span class='ocrx_word' id='word_1_55' title='bbox 1842 1320 2135 1390; x_wconf 82' lang='lat' dir='ltr'>Appendet</span> <span class='ocrx_word' id='word_1_56' title='bbox 2180 1321 2378 1375; x_wconf 81' lang='lat' dir='ltr'>viridis</span> <span class='ocrx_word' id='word_1_57' title='bbox 2436 1337 2579 1375; x_wconf 80' lang='lat' dir='ltr'>zona</span> <span class='ocrx_word' id='word_1_58' title='bbox 2618 1321 2834 1375; x_wconf 80' lang='lat' dir='ltr'>sericea</span> <span class='ocrx_word' id='word_1_59' title='bbox 2889 1322 3106 1390; x_wconf 80' lang='lat' dir='ltr'>absque</span> <span class='ocrx_word' id='word_1_60' title='bbox 3169 1321 3376 1389; x_wconf 78' lang='lat' dir='ltr'>sigillo,</span> 
     </span>
     <span class='ocr_line' id='line_1_9' title="bbox 814 1409 2735 1479; baseline -0.001 -16"><span class='ocrx_word' id='word_1_61' title='bbox 814 1409 984 1479; x_wconf 79' lang='lat' dir='ltr'>Apud</span> <span class='ocrx_word' id='word_1_62' title='bbox 1022 1410 1273 1465; x_wconf 88' lang='lat' dir='ltr'>nobilem</span> <span class='ocrx_word' id='word_1_63' title='bbox 1312 1410 1560 1465; x_wconf 82' lang='lat' dir='ltr'>Marcum</span> <span class='ocrx_word' id='word_1_64' title='bbox 1600 1412 1858 1466; x_wconf 82' lang='lat' dir='ltr'>Arbanas</span> <span class='ocrx_word' id='word_1_65' title='bbox 1896 1411 1954 1464; x_wconf 90' lang='lat' dir='ltr'>in</span> <span class='ocrx_word' id='word_1_66' title='bbox 1995 1412 2156 1466; x_wconf 72' lang='lat' dir='ltr'>Inter.</span> <span class='ocrx_word' id='word_1_67' title='bbox 2196 1411 2469 1466; x_wconf 81' lang='lat' dir='ltr'>Lomnica</span> <span class='ocrx_word' id='word_1_68' title='bbox 2509 1410 2610 1465; x_wconf 83' lang='grc' dir='ltr'>Νο.</span> <span class='ocrx_word' id='word_1_69' title='bbox 2649 1411 2735 1465; x_wconf 79' lang='grc'>29.</span> 
     </span>
    </p>
   </div>
   <div class='ocr_carea' id='block_1_4' title="bbox 1997 1694 2209 1766">
    <p class='ocr_par' dir='ltr' id='par_1_4' title="bbox 1997 1694 2209 1766">
     <span class='ocr_line' id='line_1_10' title="bbox 1997 1694 2209 1766; baseline 0 0"><span class='ocrx_word' id='word_1_70' title='bbox 1997 1694 2209 1766; x_wconf 80' lang='lat'><strong>20⁷.</strong></span> 
     </span>
    </p>
   </div>
   <div class='ocr_carea' id='block_1_5' title="bbox 1034 1912 1882 1975">
    <p class='ocr_par' dir='ltr' id='par_1_5' title="bbox 1034 1912 1882 1975">
     <span class='ocr_line' id='line_1_11' title="bbox 1034 1912 1882 1975; baseline 0.001 -2"><span class='ocrx_word' id='word_1_71' title='bbox 1034 1913 1219 1974; x_wconf 89' lang='lat' dir='ltr'>Anno</span> <span class='ocrx_word' id='word_1_72' title='bbox 1276 1912 1462 1975; x_wconf 82' lang='lat'>1427.</span> <span class='ocrx_word' id='word_1_73' title='bbox 1519 1912 1614 1973; x_wconf 90' lang='lat'>10.</span> <span class='ocrx_word' id='word_1_74' title='bbox 1662 1914 1882 1974; x_wconf 88' lang='lat' dir='ltr'>martii.</span> 
     </span>
    </p>
   </div>
   <div class='ocr_carea' id='block_1_6' title="bbox 807 2123 3430 2639">
    <p class='ocr_par' dir='ltr' id='par_1_6' title="bbox 807 2123 3430 2532">
     <span class='ocr_line' id='line_1_12' title="bbox 824 2123 3374 2210; baseline -0 -20"><span class='ocrx_word' id='word_1_75' title='bbox 824 2124 1077 2190; x_wconf 84' lang='lat' dir='ltr'>Coram</span> <span class='ocrx_word' id='word_1_76' title='bbox 1124 2124 1432 2190; x_wconf 81' lang='lat' dir='ltr'><strong><em>Iohanne</em></strong></span> <span class='ocrx_word' id='word_1_77' title='bbox 1476 2126 1753 2189; x_wconf 80' lang='lat' dir='ltr'><em>literato</em></span> <span class='ocrx_word' id='word_1_78' title='bbox 1799 2123 2134 2210; x_wconf 79' lang='lat' dir='ltr'>offiiciali</span> <span class='ocrx_word' id='word_1_79' title='bbox 2178 2124 2260 2190; x_wconf 83' lang='lat' dir='ltr'>de</span> <span class='ocrx_word' id='word_1_80' title='bbox 2305 2124 2648 2202; x_wconf 85' lang='lat' dir='ltr'>Rakonok‚</span> <span class='ocrx_word' id='word_1_81' title='bbox 2677 2125 2926 2189; x_wconf 81' lang='lat' dir='ltr'><em>comite</em></span> <span class='ocrx_word' id='word_1_82' title='bbox 2963 2124 3214 2210; x_wconf 78' lang='lat' dir='ltr'>Campi</span> <span class='ocrx_word' id='word_1_83' title='bbox 3245 2126 3374 2189; x_wconf 84' lang='lat' dir='ltr'>Za-</span> 
     </span>
     <span class='ocr_line' id='line_1_13' title="bbox 808 2230 3376 2317; baseline 0 -20"><span class='ocrx_word' id='word_1_84' title='bbox 808 2232 1216 2317; x_wconf 62' lang='lat' dir='ltr'>grabiensis</span> <span class='ocrx_word' id='word_1_85' title='bbox 1258 2254 1340 2297; x_wconf 87' lang='lat' dir='ltr'>ac</span> <span class='ocrx_word' id='word_1_86' title='bbox 1386 2232 1757 2297; x_wconf 74' lang='lat' dir='ltr'>Benedicta</span> <span class='ocrx_word' id='word_1_87' title='bbox 1793 2232 1957 2317; x_wconf 84' lang='lat' dir='ltr'>filio</span> <span class='ocrx_word' id='word_1_88' title='bbox 2004 2230 2287 2296; x_wconf 83' lang='lat' dir='ltr'>Nicolai</span> <span class='ocrx_word' id='word_1_89' title='bbox 2332 2232 2580 2296; x_wconf 80' lang='lat' dir='ltr'><em>comite</em></span> <span class='ocrx_word' id='word_1_90' title='bbox 2635 2231 2970 2308; x_wconf 66' lang='lat' dir='ltr'>terrestri,</span> <span class='ocrx_word' id='word_1_91' title='bbox 3026 2230 3376 2317; x_wconf 78' lang='lat' dir='ltr'>Georgius</span> 
     </span>
     <span class='ocr_line' id='line_1_14' title="bbox 807 2338 3371 2425; baseline -0.001 -20"><span class='ocrx_word' id='word_1_92' title='bbox 807 2340 1017 2425; x_wconf 77' lang='lat' dir='ltr'>filius</span> <span class='ocrx_word' id='word_1_93' title='bbox 1063 2340 1262 2405; x_wconf 78' lang='lat' dir='ltr'>Petri</span> <span class='ocrx_word' id='word_1_94' title='bbox 1306 2341 1569 2425; x_wconf 80' lang='lat' dir='ltr'>aliique</span> <span class='ocrx_word' id='word_1_95' title='bbox 1614 2340 2040 2404; x_wconf 82' lang='lat' dir='ltr'>nominatim</span> <span class='ocrx_word' id='word_1_96' title='bbox 2088 2340 2396 2424; x_wconf 75' lang='lat' dir='ltr'><strong><em>expressi</em></strong></span> <span class='ocrx_word' id='word_1_97' title='bbox 2442 2339 2705 2404; x_wconf 67' lang='lat' dir='ltr'>nobiles</span> <span class='ocrx_word' id='word_1_98' title='bbox 2733 2339 2814 2403; x_wconf 81' lang='lat' dir='ltr'>de</span> <span class='ocrx_word' id='word_1_99' title='bbox 2845 2338 3086 2423; x_wconf 79' lang='lat' dir='ltr'>Super.</span> <span class='ocrx_word' id='word_1_100' title='bbox 3122 2339 3371 2423; x_wconf 82' lang='lat' dir='ltr'>Lomp-</span> 
     </span>
     <span class='ocr_line' id='line_1_15' title="bbox 817 2446 3430 2532; baseline -0.002 -19"><span class='ocrx_word' id='word_1_101' title='bbox 817 2450 1041 2525; x_wconf 85' lang='lat' dir='ltr'>nicza,</span> <span class='ocrx_word' id='word_1_102' title='bbox 1090 2446 1497 2531; x_wconf 79' lang='lat' dir='ltr'><em>Philippum</em></span> <span class='ocrx_word' id='word_1_103' title='bbox 1533 2446 1779 2531; x_wconf 83' lang='lat' dir='ltr'>filium</span> <span class='ocrx_word' id='word_1_104' title='bbox 1825 2448 2066 2511; x_wconf 80' lang='lat' dir='ltr'>Raden</span> <span class='ocrx_word' id='word_1_105' title='bbox 2097 2447 2178 2511; x_wconf 83' lang='lat' dir='ltr'>de</span> <span class='ocrx_word' id='word_1_106' title='bbox 2212 2446 2705 2532; x_wconf 74' lang='lat' dir='ltr'>Dragvonosech</span> <span class='ocrx_word' id='word_1_107' title='bbox 2734 2450 2800 2512; x_wconf 82' lang='lat' dir='ltr'>et</span> <span class='ocrx_word' id='word_1_108' title='bbox 2822 2447 2977 2510; x_wconf 79' lang='lat' dir='ltr'>eius</span> <span class='ocrx_word' id='word_1_109' title='bbox 3009 2447 3376 2531; x_wconf 66' lang='lat' dir='ltr'>complices·</span> <span class='ocrx_word' id='word_1_110' title='bbox 3427 2502 3430 2505; x_wconf 20' lang='lat'><strong>⁴</strong></span> 
     </span>
    </p>

    <p class='ocr_par' dir='ltr' id='par_1_7' title="bbox 1415 2554 2768 2639">
     <span class='ocr_line' id='line_1_16' title="bbox 1415 2554 2768 2639; baseline 0.001 -22"><span class='ocrx_word' id='word_1_111' title='bbox 1415 2555 1689 2619; x_wconf 81' lang='lat' dir='ltr'>ratione</span> <span class='ocrx_word' id='word_1_112' title='bbox 1733 2554 2104 2619; x_wconf 79' lang='lat' dir='ltr'>homicidii</span> <span class='ocrx_word' id='word_1_113' title='bbox 2147 2556 2407 2639; x_wconf 83' lang='lat' dir='ltr'>quittos</span> <span class='ocrx_word' id='word_1_114' title='bbox 2452 2554 2768 2619; x_wconf 77' lang='lat' dir='ltr'>reddunt.</span> 
     </span>
    </p>
   </div>
   <div class='ocr_carea' id='block_1_7' title="bbox 813 2772 3380 5011">
    <p class='ocr_par' dir='ltr' id='par_1_8' title="bbox 813 2772 3380 5011">
     <span class='ocr_line' id='line_1_17' title="bbox 1031 2772 3375 2851; baseline 0 -21"><span class='ocrx_word' id='word_1_115' title='bbox 1031 2772 1164 2831; x_wconf 89' lang='lat' dir='ltr'>Nos</span> <span class='ocrx_word' id='word_1_116' title='bbox 1210 2772 1521 2832; x_wconf 82' lang='lat' dir='ltr'>Iohannes</span> <span class='ocrx_word' id='word_1_117' title='bbox 1568 2772 1847 2832; x_wconf 85' lang='lat' dir='ltr'><strong>literatus</strong></span> <span class='ocrx_word' id='word_1_118' title='bbox 1894 2772 2176 2832; x_wconf 88' lang='lat' dir='ltr'>officialis</span> <span class='ocrx_word' id='word_1_119' title='bbox 2223 2772 2456 2833; x_wconf 89' lang='lat' dir='ltr'>domini</span> <span class='ocrx_word' id='word_1_120' title='bbox 2502 2772 2793 2831; x_wconf 89' lang='lat' dir='ltr'>Iohannis</span> <span class='ocrx_word' id='word_1_121' title='bbox 2827 2772 3103 2850; x_wconf 85' lang='lat' dir='ltr'>episcopi</span> <span class='ocrx_word' id='word_1_122' title='bbox 3136 2772 3375 2851; x_wconf 86' lang='lat' dir='ltr'>Zagra-</span> 
     </span>
     <span class='ocr_line' id='line_1_18' title="bbox 815 2878 3371 2967; baseline -0.001 -27"><span class='ocrx_word' id='word_1_123' title='bbox 815 2880 1050 2940; x_wconf 85' lang='lat' dir='ltr'>biensis</span> <span class='ocrx_word' id='word_1_124' title='bbox 1098 2880 1177 2939; x_wconf 88' lang='lat' dir='ltr'>de</span> <span class='ocrx_word' id='word_1_125' title='bbox 1223 2880 1546 2955; x_wconf 88' lang='lat' dir='ltr'>Rakonok,</span> <span class='ocrx_word' id='word_1_126' title='bbox 1596 2898 1811 2941; x_wconf 89' lang='lat' dir='ltr'>comes</span> <span class='ocrx_word' id='word_1_127' title='bbox 1859 2879 2086 2959; x_wconf 90' lang='lat' dir='ltr'>Campi</span> <span class='ocrx_word' id='word_1_128' title='bbox 2133 2880 2579 2959; x_wconf 89' lang='lat' dir='ltr'>Zagrabiensis</span> <span class='ocrx_word' id='word_1_129' title='bbox 2628 2899 2702 2940; x_wconf 90' lang='lat' dir='ltr'>ac</span> <span class='ocrx_word' id='word_1_130' title='bbox 2771 2880 3146 2967; x_wconf 69' lang='lat' dir='ltr'>Benedictus</span> <span class='ocrx_word' id='word_1_131' title='bbox 3208 2878 3371 2939; x_wconf 88' lang='lat' dir='ltr'>filius</span> 
     </span>
     <span class='ocr_line' id='line_1_19' title="bbox 816 2986 3377 3066; baseline -0 -21"><span class='ocrx_word' id='word_1_132' title='bbox 816 2987 1059 3046; x_wconf 86' lang='lat' dir='ltr'>Nicolai</span> <span class='ocrx_word' id='word_1_133' title='bbox 1107 3005 1321 3047; x_wconf 90' lang='lat' dir='ltr'>eomes</span> <span class='ocrx_word' id='word_1_134' title='bbox 1368 2987 1678 3047; x_wconf 89' lang='lat' dir='ltr'>terrestris</span> <span class='ocrx_word' id='word_1_135' title='bbox 1726 2988 2007 3047; x_wconf 88' lang='lat' dir='ltr'>eiusdem</span> <span class='ocrx_word' id='word_1_136' title='bbox 2057 2986 2286 3066; x_wconf 82' lang='lat' dir='ltr'>Campi</span> <span class='ocrx_word' id='word_1_137' title='bbox 2349 2988 2646 3047; x_wconf 89' lang='lat' dir='ltr'>memorie</span> <span class='ocrx_word' id='word_1_138' title='bbox 2704 2988 3217 3047; x_wconf 80' lang='lat' dir='ltr'>commendamus</span> <span class='ocrx_word' id='word_1_139' title='bbox 3263 3006 3377 3064; x_wconf 77' lang='lat' dir='ltr'>per</span> 
     </span>
     <span class='ocr_line' id='line_1_20' title="bbox 816 3093 3373 3175; baseline -0 -21"><span class='ocrx_word' id='word_1_140' title='bbox 816 3103 1159 3174; x_wconf 80' lang='lat' dir='ltr'>presenteS,</span> <span class='ocrx_word' id='word_1_141' title='bbox 1205 3097 1372 3173; x_wconf 90' lang='lat' dir='ltr'>quod</span> <span class='ocrx_word' id='word_1_142' title='bbox 1420 3096 1735 3175; x_wconf 87' lang='lat' dir='ltr'>Georgius</span> <span class='ocrx_word' id='word_1_143' title='bbox 1782 3096 1945 3156; x_wconf 88' lang='lat' dir='ltr'>filius</span> <span class='ocrx_word' id='word_1_144' title='bbox 1994 3096 2180 3168; x_wconf 90' lang='lat' dir='ltr'>Petri,</span> <span class='ocrx_word' id='word_1_145' title='bbox 2237 3094 2460 3154; x_wconf 85' lang='lat' dir='ltr'>nobilis</span> <span class='ocrx_word' id='word_1_146' title='bbox 2509 3095 2846 3155; x_wconf 90' lang='lat' dir='ltr'>castrensis</span> <span class='ocrx_word' id='word_1_147' title='bbox 2911 3096 2990 3155; x_wconf 84' lang='lat' dir='ltr'>de</span> <span class='ocrx_word' id='word_1_148' title='bbox 3056 3093 3373 3172; x_wconf 84' lang='lat' dir='ltr'>Superiori</span> 
     </span>
     <span class='ocr_line' id='line_1_21' title="bbox 817 3202 3376 3283; baseline -0.001 -21"><span class='ocrx_word' id='word_1_149' title='bbox 817 3202 1211 3281; x_wconf 89' lang='lat' dir='ltr'>Lompnicza,</span> <span class='ocrx_word' id='word_1_150' title='bbox 1260 3203 1323 3262; x_wconf 90' lang='lat' dir='ltr'>in</span> <span class='ocrx_word' id='word_1_151' title='bbox 1369 3222 1488 3263; x_wconf 88' lang='lat' dir='ltr'>sua</span> <span class='ocrx_word' id='word_1_152' title='bbox 1533 3212 1596 3263; x_wconf 88' lang='lat' dir='ltr'>et</span> <span class='ocrx_word' id='word_1_153' title='bbox 1642 3203 1936 3283; x_wconf 85' lang='lat' dir='ltr'>Gregorii</span> <span class='ocrx_word' id='word_1_154' title='bbox 1983 3222 2058 3263; x_wconf 86' lang='lat' dir='ltr'>ac</span> <span class='ocrx_word' id='word_1_155' title='bbox 2119 3202 2372 3262; x_wconf 80' lang='lat' dir='ltr'>alterius</span> <span class='ocrx_word' id='word_1_156' title='bbox 2438 3202 2728 3282; x_wconf 89' lang='lat' dir='ltr'>Gregorii</span> <span class='ocrx_word' id='word_1_157' title='bbox 2789 3202 3054 3262; x_wconf 90' lang='lat' dir='ltr'>filiorum</span> <span class='ocrx_word' id='word_1_158' title='bbox 3121 3220 3376 3260; x_wconf 89' lang='lat' dir='ltr'>suorum</span> 
     </span>
     <span class='ocr_line' id='line_1_22' title="bbox 813 3308 3380 3388; baseline -0.001 -19"><span class='ocrx_word' id='word_1_159' title='bbox 813 3310 1117 3388; x_wconf 85' lang='lat' dir='ltr'>personiS‚</span> <span class='ocrx_word' id='word_1_160' title='bbox 1162 3310 1313 3370; x_wconf 88' lang='lat' dir='ltr'>item</span> <span class='ocrx_word' id='word_1_161' title='bbox 1361 3310 1671 3370; x_wconf 87' lang='lat' dir='ltr'>Martinus</span> <span class='ocrx_word' id='word_1_162' title='bbox 1716 3309 1881 3370; x_wconf 88' lang='lat' dir='ltr'>filius</span> <span class='ocrx_word' id='word_1_163' title='bbox 1926 3310 2220 3370; x_wconf 88' lang='lat' dir='ltr'>Iohannis</span> <span class='ocrx_word' id='word_1_164' title='bbox 2267 3311 2345 3370; x_wconf 82' lang='lat' dir='ltr'>de</span> <span class='ocrx_word' id='word_1_165' title='bbox 2395 3310 2619 3369; x_wconf 82' lang='lat' dir='ltr'>eadem</span> <span class='ocrx_word' id='word_1_166' title='bbox 2663 3310 3068 3388; x_wconf 89' lang='lat' dir='ltr'>Lompnycza</span> <span class='ocrx_word' id='word_1_167' title='bbox 3100 3308 3380 3369; x_wconf 85' lang='lat' dir='ltr'>similiter</span> 
     </span>
     <span class='ocr_line' id='line_1_23' title="bbox 813 3416 3377 3495; baseline -0.001 -19"><span class='ocrx_word' id='word_1_168' title='bbox 813 3417 876 3476; x_wconf 90' lang='lat' dir='ltr'>in</span> <span class='ocrx_word' id='word_1_169' title='bbox 924 3436 1057 3491; x_wconf 61' lang='lat' dir='ltr'>sua„</span> <span class='ocrx_word' id='word_1_170' title='bbox 1104 3436 1349 3477; x_wconf 85' lang='lat' dir='ltr'>necnon</span> <span class='ocrx_word' id='word_1_171' title='bbox 1395 3418 1684 3477; x_wconf 85' lang='lat' dir='ltr'>Andreas</span> <span class='ocrx_word' id='word_1_172' title='bbox 1718 3426 1781 3477; x_wconf 90' lang='lat' dir='ltr'>et</span> <span class='ocrx_word' id='word_1_173' title='bbox 1810 3417 2141 3477; x_wconf 84' lang='lat' dir='ltr'>Malchech</span> <span class='ocrx_word' id='word_1_174' title='bbox 2173 3418 2282 3477; x_wconf 89' lang='lat' dir='ltr'>filii</span> <span class='ocrx_word' id='word_1_175' title='bbox 2312 3416 2491 3477; x_wconf 90' lang='lat' dir='ltr'>Pauli</span> <span class='ocrx_word' id='word_1_176' title='bbox 2533 3418 2611 3476; x_wconf 91' lang='lat' dir='ltr'>de</span> <span class='ocrx_word' id='word_1_177' title='bbox 2643 3417 2926 3495; x_wconf 90' lang='lat' dir='ltr'>predicta</span> <span class='ocrx_word' id='word_1_178' title='bbox 2957 3418 3377 3493; x_wconf 88' lang='lat' dir='ltr'>Lompnycza,</span> 
     </span>
     <span class='ocr_line' id='line_1_24' title="bbox 818 3522 3374 3601; baseline -0.001 -18"><span class='ocrx_word' id='word_1_179' title='bbox 818 3523 1219 3584; x_wconf 86' lang='lat' dir='ltr'>consimiliter</span> <span class='ocrx_word' id='word_1_180' title='bbox 1265 3525 1327 3584; x_wconf 92' lang='lat' dir='ltr'>in</span> <span class='ocrx_word' id='word_1_181' title='bbox 1374 3544 1491 3585; x_wconf 89' lang='lat' dir='ltr'>sua</span> <span class='ocrx_word' id='word_1_182' title='bbox 1538 3532 1600 3584; x_wconf 92' lang='lat' dir='ltr'>et</span> <span class='ocrx_word' id='word_1_183' title='bbox 1647 3524 1814 3585; x_wconf 87' lang='lat' dir='ltr'>Petri</span> <span class='ocrx_word' id='word_1_184' title='bbox 1863 3543 1939 3584; x_wconf 90' lang='lat' dir='ltr'>ac</span> <span class='ocrx_word' id='word_1_185' title='bbox 1985 3524 2335 3601; x_wconf 89' lang='lat' dir='ltr'>Vythkonis</span> <span class='ocrx_word' id='word_1_186' title='bbox 2383 3524 2650 3584; x_wconf 89' lang='lat' dir='ltr'>filiorum</span> <span class='ocrx_word' id='word_1_187' title='bbox 2697 3523 2950 3583; x_wconf 88' lang='lat' dir='ltr'>Martini</span> <span class='ocrx_word' id='word_1_188' title='bbox 2999 3523 3145 3583; x_wconf 91' lang='lat' dir='ltr'>dicti</span> <span class='ocrx_word' id='word_1_189' title='bbox 3177 3522 3374 3581; x_wconf 89' lang='lat' dir='ltr'>Cher·</span> 
     </span>
     <span class='ocr_line' id='line_1_25' title="bbox 816 3630 3374 3712; baseline -0.002 -20"><span class='ocrx_word' id='word_1_190' title='bbox 816 3632 994 3706; x_wconf 91' lang='lat' dir='ltr'>nech,</span> <span class='ocrx_word' id='word_1_191' title='bbox 1042 3632 1149 3691; x_wconf 90' lang='lat' dir='ltr'>filii</span> <span class='ocrx_word' id='word_1_192' title='bbox 1194 3632 1365 3693; x_wconf 89' lang='lat' dir='ltr'>Petri</span> <span class='ocrx_word' id='word_1_193' title='bbox 1411 3633 1490 3692; x_wconf 94' lang='lat' dir='ltr'>de</span> <span class='ocrx_word' id='word_1_194' title='bbox 1539 3634 1763 3693; x_wconf 86' lang='lat' dir='ltr'>eadem</span> <span class='ocrx_word' id='word_1_195' title='bbox 1808 3632 2113 3712; x_wconf 80' lang='lat' dir='ltr'>personi8‚</span> <span class='ocrx_word' id='word_1_196' title='bbox 2161 3631 2535 3711; x_wconf 88' lang='lat' dir='ltr'>gravamina</span> <span class='ocrx_word' id='word_1_197' title='bbox 2581 3639 2644 3691; x_wconf 91' lang='lat' dir='ltr'>et</span> <span class='ocrx_word' id='word_1_198' title='bbox 2691 3630 2903 3690; x_wconf 90' lang='lat' dir='ltr'>omnia</span> <span class='ocrx_word' id='word_1_199' title='bbox 2932 3649 3125 3690; x_wconf 91' lang='lat' dir='ltr'>onera</span> <span class='ocrx_word' id='word_1_200' title='bbox 3158 3648 3374 3689; x_wconf 88' lang='lat' dir='ltr'>eorum</span> 
     </span>
     <span class='ocr_line' id='line_1_26' title="bbox 819 3738 3374 3819; baseline -0.002 -19"><span class='ocrx_word' id='word_1_201' title='bbox 819 3741 881 3800; x_wconf 89' lang='lat' dir='ltr'>in</span> <span class='ocrx_word' id='word_1_202' title='bbox 930 3760 1000 3801; x_wconf 92' lang='lat' dir='ltr'>se</span> <span class='ocrx_word' id='word_1_203' title='bbox 1069 3750 1293 3819; x_wconf 89' lang='lat' dir='ltr'>sponte</span> <span class='ocrx_word' id='word_1_204' title='bbox 1363 3741 1867 3819; x_wconf 85' lang='lat' dir='ltr'>assumpmendO,</span> <span class='ocrx_word' id='word_1_205' title='bbox 1940 3740 1993 3799; x_wconf 89' lang='lat' dir='ltr'>si</span> <span class='ocrx_word' id='word_1_206' title='bbox 2061 3758 2377 3819; x_wconf 89' lang='lat' dir='ltr'>quoquam</span> <span class='ocrx_word' id='word_1_207' title='bbox 2448 3739 2744 3817; x_wconf 88' lang='lat' dir='ltr'>temporis</span> <span class='ocrx_word' id='word_1_208' title='bbox 2814 3740 2877 3798; x_wconf 91' lang='lat' dir='ltr'>in</span> <span class='ocrx_word' id='word_1_209' title='bbox 2945 3757 3242 3817; x_wconf 89' lang='lat' dir='ltr'>precessu</span> <span class='ocrx_word' id='word_1_210' title='bbox 3311 3738 3374 3795; x_wconf 92' lang='lat' dir='ltr'>in</span> 
     </span>
     <span class='ocr_line' id='line_1_27' title="bbox 818 3845 3373 3929; baseline -0.001 -22"><span class='ocrx_word' id='word_1_211' title='bbox 818 3848 1212 3928; x_wconf 88' lang='lat' dir='ltr'>infrascripto</span> <span class='ocrx_word' id='word_1_212' title='bbox 1244 3849 1511 3929; x_wconf 88' lang='lat' dir='ltr'>negocio</span> <span class='ocrx_word' id='word_1_213' title='bbox 1557 3849 1892 3927; x_wconf 85' lang='lat' dir='ltr'>persistere</span> <span class='ocrx_word' id='word_1_214' title='bbox 1922 3848 2171 3923; x_wconf 88' lang='lat' dir='ltr'>nollent,</span> <span class='ocrx_word' id='word_1_215' title='bbox 2201 3848 2282 3907; x_wconf 89' lang='lat' dir='ltr'>ad</span> <span class='ocrx_word' id='word_1_216' title='bbox 2313 3857 2590 3907; x_wconf 89' lang='lat' dir='ltr'>nostram</span> <span class='ocrx_word' id='word_1_217' title='bbox 2622 3846 2936 3907; x_wconf 86' lang='lat' dir='ltr'>veniendo</span> <span class='ocrx_word' id='word_1_218' title='bbox 2965 3845 3373 3925; x_wconf 89' lang='lat' dir='ltr'>presenciam,</span> 
     </span>
     <span class='ocr_line' id='line_1_28' title="bbox 818 3954 3374 4035; baseline -0.001 -20"><span class='ocrx_word' id='word_1_219' title='bbox 818 3956 1085 4017; x_wconf 87' lang='lat' dir='ltr'>confessi</span> <span class='ocrx_word' id='word_1_220' title='bbox 1133 3965 1277 4016; x_wconf 91' lang='lat' dir='ltr'>sunt</span> <span class='ocrx_word' id='word_1_221' title='bbox 1323 3955 1386 4016; x_wconf 90' lang='lat' dir='ltr'>in</span> <span class='ocrx_word' id='word_1_222' title='bbox 1432 3958 1596 4016; x_wconf 91' lang='lat' dir='ltr'>hunc</span> <span class='ocrx_word' id='word_1_223' title='bbox 1642 3957 1916 4031; x_wconf 89' lang='lat' dir='ltr'>modum,</span> <span class='ocrx_word' id='word_1_224' title='bbox 1965 3964 2034 4015; x_wconf 90' lang='lat' dir='ltr'>ut</span> <span class='ocrx_word' id='word_1_225' title='bbox 2078 3956 2226 4035; x_wconf 88' lang='lat' dir='ltr'>quia</span> <span class='ocrx_word' id='word_1_226' title='bbox 2270 3955 2591 4033; x_wconf 90' lang='lat' dir='ltr'>Philippus</span> <span class='ocrx_word' id='word_1_227' title='bbox 2639 3954 2799 4014; x_wconf 87' lang='lat' dir='ltr'>filius</span> <span class='ocrx_word' id='word_1_228' title='bbox 2847 3954 3065 4014; x_wconf 88' lang='lat' dir='ltr'>Raden</span> <span class='ocrx_word' id='word_1_229' title='bbox 3107 3954 3185 4013; x_wconf 90' lang='lat' dir='ltr'>de</span> <span class='ocrx_word' id='word_1_230' title='bbox 3217 3954 3374 4012; x_wconf 93' lang='lat' dir='ltr'>Dra-</span> 
     </span>
     <span class='ocr_line' id='line_1_29' title="bbox 818 4063 3375 4144; baseline -0.002 -18"><span class='ocrx_word' id='word_1_231' title='bbox 818 4068 1143 4144; x_wconf 84' lang='lat' dir='ltr'>gonosech</span> <span class='ocrx_word' id='word_1_232' title='bbox 1191 4073 1254 4127; x_wconf 91' lang='lat' dir='ltr'>et</span> <span class='ocrx_word' id='word_1_233' title='bbox 1323 4067 1554 4125; x_wconf 87' lang='lat' dir='ltr'>Paulus</span> <span class='ocrx_word' id='word_1_234' title='bbox 1627 4084 1702 4125; x_wconf 89' lang='lat' dir='ltr'>ac</span> <span class='ocrx_word' id='word_1_235' title='bbox 1762 4064 2102 4142; x_wconf 90' lang='lat' dir='ltr'>Dyonisius</span> <span class='ocrx_word' id='word_1_236' title='bbox 2164 4082 2408 4123; x_wconf 87' lang='lat' dir='ltr'>necnon</span> <span class='ocrx_word' id='word_1_237' title='bbox 2478 4064 2702 4123; x_wconf 90' lang='lat' dir='ltr'>Petrus</span> <span class='ocrx_word' id='word_1_238' title='bbox 2775 4063 2976 4123; x_wconf 91' lang='lat' dir='ltr'>dictus</span> <span class='ocrx_word' id='word_1_239' title='bbox 3044 4063 3243 4122; x_wconf 89' lang='lat' dir='ltr'>Petko</span> <span class='ocrx_word' id='word_1_240' title='bbox 3311 4070 3375 4120; x_wconf 89' lang='lat' dir='ltr'>et</span> 
     </span>
     <span class='ocr_line' id='line_1_30' title="bbox 817 4169 3375 4254; baseline -0.002 -21"><span class='ocrx_word' id='word_1_241' title='bbox 817 4174 1149 4254; x_wconf 81' lang='lat' dir='ltr'>GeorgiuS,</span> <span class='ocrx_word' id='word_1_242' title='bbox 1196 4173 1566 4233; x_wconf 89' lang='lat' dir='ltr'>Valentinus</span> <span class='ocrx_word' id='word_1_243' title='bbox 1633 4192 1708 4233; x_wconf 91' lang='lat' dir='ltr'>ac</span> <span class='ocrx_word' id='word_1_244' title='bbox 1778 4172 2157 4232; x_wconf 84' lang='lat' dir='ltr'>Benedictus</span> <span class='ocrx_word' id='word_1_245' title='bbox 2225 4170 2334 4231; x_wconf 90' lang='lat' dir='ltr'>filii</span> <span class='ocrx_word' id='word_1_246' title='bbox 2403 4171 2686 4231; x_wconf 90' lang='lat' dir='ltr'>eiusdem</span> <span class='ocrx_word' id='word_1_247' title='bbox 2754 4169 3019 4248; x_wconf 90' lang='lat' dir='ltr'>Philippi</span> <span class='ocrx_word' id='word_1_248' title='bbox 3087 4170 3164 4229; x_wconf 90' lang='lat' dir='ltr'>de</span> <span class='ocrx_word' id='word_1_249' title='bbox 3237 4169 3375 4247; x_wconf 88' lang='lat' dir='ltr'>ipsa</span> 
     </span>
     <span class='ocr_line' id='line_1_31' title="bbox 817 4277 3374 4360; baseline -0.002 -20"><span class='ocrx_word' id='word_1_250' title='bbox 817 4281 1289 4360; x_wconf 90' lang='lat' dir='ltr'>Dragonosech,</span> <span class='ocrx_word' id='word_1_251' title='bbox 1340 4280 1651 4340; x_wconf 89' lang='lat' dir='ltr'>annotatis</span> <span class='ocrx_word' id='word_1_252' title='bbox 1700 4280 1978 4359; x_wconf 89' lang='lat' dir='ltr'>Georgio</span> <span class='ocrx_word' id='word_1_253' title='bbox 2012 4280 2137 4340; x_wconf 86' lang='lat' dir='ltr'>filio</span> <span class='ocrx_word' id='word_1_254' title='bbox 2186 4278 2352 4339; x_wconf 87' lang='lat' dir='ltr'>Petri</span> <span class='ocrx_word' id='word_1_255' title='bbox 2386 4286 2448 4338; x_wconf 91' lang='lat' dir='ltr'>et</span> <span class='ocrx_word' id='word_1_256' title='bbox 2495 4279 2631 4338; x_wconf 89' lang='lat' dir='ltr'>aliis</span> <span class='ocrx_word' id='word_1_257' title='bbox 2663 4296 2854 4355; x_wconf 90' lang='lat' dir='ltr'>supra</span> <span class='ocrx_word' id='word_1_258' title='bbox 2885 4277 3236 4351; x_wconf 86' lang='lat' dir='ltr'>nominatis,</span> <span class='ocrx_word' id='word_1_259' title='bbox 3261 4296 3374 4354; x_wconf 91' lang='lat' dir='ltr'>per</span> 
     </span>
     <span class='ocr_line' id='line_1_32' title="bbox 816 4384 3373 4469; baseline -0.003 -20"><span class='ocrx_word' id='word_1_260' title='bbox 816 4390 1340 4469; x_wconf 90' lang='lat' dir='ltr'>composicionem</span> <span class='ocrx_word' id='word_1_261' title='bbox 1389 4398 1450 4449; x_wconf 91' lang='lat' dir='ltr'>et</span> <span class='ocrx_word' id='word_1_262' title='bbox 1498 4388 1964 4449; x_wconf 88' lang='lat' dir='ltr'>ordinacionem</span> <span class='ocrx_word' id='word_1_263' title='bbox 1997 4387 2400 4466; x_wconf 90' lang='lat' dir='ltr'>plurimorum</span> <span class='ocrx_word' id='word_1_264' title='bbox 2431 4388 2729 4446; x_wconf 89' lang='lat' dir='ltr'>nobilium</span> <span class='ocrx_word' id='word_1_265' title='bbox 2762 4385 3052 4459; x_wconf 87' lang='lat' dir='ltr'>virorum,</span> <span class='ocrx_word' id='word_1_266' title='bbox 3085 4384 3373 4443; x_wconf 88' lang='lat' dir='ltr'>videlicet</span> 
     </span>
     <span class='ocr_line' id='line_1_33' title="bbox 814 4490 3371 4579; baseline -0.004 -21"><span class='ocrx_word' id='word_1_267' title='bbox 814 4498 1057 4559; x_wconf 77' lang='lat' dir='ltr'>Nioelai</span> <span class='ocrx_word' id='word_1_268' title='bbox 1103 4498 1211 4559; x_wconf 88' lang='lat' dir='ltr'>filii</span> <span class='ocrx_word' id='word_1_269' title='bbox 1257 4498 1517 4579; x_wconf 89' lang='lat' dir='ltr'>Georgii</span> <span class='ocrx_word' id='word_1_270' title='bbox 1564 4499 1643 4559; x_wconf 92' lang='lat' dir='ltr'>de</span> <span class='ocrx_word' id='word_1_271' title='bbox 1700 4497 1931 4571; x_wconf 87' lang='lat' dir='ltr'>Mlaka,</span> <span class='ocrx_word' id='word_1_272' title='bbox 1997 4496 2216 4556; x_wconf 90' lang='lat' dir='ltr'>iudicis</span> <span class='ocrx_word' id='word_1_273' title='bbox 2255 4495 2576 4555; x_wconf 85' lang='lat' dir='ltr'>&#39;nobilium</span> <span class='ocrx_word' id='word_1_274' title='bbox 2644 4492 2838 4573; x_wconf 88' lang='lat' dir='ltr'>regni,</span> <span class='ocrx_word' id='word_1_275' title='bbox 2899 4492 3200 4571; x_wconf 87' lang='lat' dir='ltr'>Stephani</span> <span class='ocrx_word' id='word_1_276' title='bbox 3263 4490 3371 4550; x_wconf 84' lang='lat' dir='ltr'>filii</span> 
     </span>
     <span class='ocr_line' id='line_1_34' title="bbox 815 4599 3370 4681; baseline -0.004 -15"><span class='ocrx_word' id='word_1_277' title='bbox 815 4607 991 4666; x_wconf 85' lang='lat' dir='ltr'>Pedk</span> <span class='ocrx_word' id='word_1_278' title='bbox 1038 4607 1116 4667; x_wconf 89' lang='lat' dir='ltr'>de</span> <span class='ocrx_word' id='word_1_279' title='bbox 1162 4607 1539 4681; x_wconf 87' lang='lat' dir='ltr'>Lokawech,</span> <span class='ocrx_word' id='word_1_280' title='bbox 1589 4606 1743 4666; x_wconf 88' lang='lat' dir='ltr'>alias</span> <span class='ocrx_word' id='word_1_281' title='bbox 1792 4604 2035 4665; x_wconf 89' lang='lat' dir='ltr'>comitis</span> <span class='ocrx_word' id='word_1_282' title='bbox 2080 4604 2410 4677; x_wconf 80' lang='lat' dir='ltr'>terrestriS,</span> <span class='ocrx_word' id='word_1_283' title='bbox 2459 4602 2606 4661; x_wconf 89' lang='lat' dir='ltr'>item</span> <span class='ocrx_word' id='word_1_284' title='bbox 2654 4600 2891 4661; x_wconf 89' lang='lat' dir='ltr'>Vrbani</span> <span class='ocrx_word' id='word_1_285' title='bbox 2955 4599 3064 4659; x_wconf 89' lang='lat' dir='ltr'>filii</span> <span class='ocrx_word' id='word_1_286' title='bbox 3110 4599 3370 4675; x_wconf 88' lang='lat' dir='ltr'>Mathye</span> 
     </span>
     <span class='ocr_line' id='line_1_35' title="bbox 814 4707 3370 4789; baseline -0.004 -15"><span class='ocrx_word' id='word_1_287' title='bbox 814 4715 1083 4774; x_wconf 85' lang='lat' dir='ltr'>condam</span> <span class='ocrx_word' id='word_1_288' title='bbox 1130 4714 1372 4774; x_wconf 90' lang='lat' dir='ltr'>comitis</span> <span class='ocrx_word' id='word_1_289' title='bbox 1418 4714 1727 4774; x_wconf 87' lang='lat' dir='ltr'>terrestris</span> <span class='ocrx_word' id='word_1_290' title='bbox 1776 4714 1855 4774; x_wconf 91' lang='lat' dir='ltr'>de</span> <span class='ocrx_word' id='word_1_291' title='bbox 1902 4714 2071 4773; x_wconf 89' lang='lat' dir='ltr'>dicta</span> <span class='ocrx_word' id='word_1_292' title='bbox 2115 4713 2534 4789; x_wconf 62' lang='lat' dir='ltr'>Lompnycza,</span> <span class='ocrx_word' id='word_1_293' title='bbox 2601 4717 2665 4769; x_wconf 90' lang='lat' dir='ltr'>et</span> <span class='ocrx_word' id='word_1_294' title='bbox 2707 4708 2888 4768; x_wconf 89' lang='lat' dir='ltr'>Pauli</span> <span class='ocrx_word' id='word_1_295' title='bbox 2946 4707 3054 4767; x_wconf 87' lang='lat' dir='ltr'>filii</span> <span class='ocrx_word' id='word_1_296' title='bbox 3117 4708 3370 4766; x_wconf 92' lang='lat' dir='ltr'>Andree</span> 
     </span>
     <span class='ocr_line' id='line_1_36' title="bbox 816 4814 3372 4901; baseline -0.004 -19"><span class='ocrx_word' id='word_1_297' title='bbox 816 4822 895 4883; x_wconf 91' lang='lat' dir='ltr'>de</span> <span class='ocrx_word' id='word_1_298' title='bbox 944 4822 1390 4896; x_wconf 89' lang='lat' dir='ltr'>Wlkomerich‚</span> <span class='ocrx_word' id='word_1_299' title='bbox 1440 4842 1514 4882; x_wconf 86' lang='lat' dir='ltr'>ac</span> <span class='ocrx_word' id='word_1_300' title='bbox 1562 4820 1855 4901; x_wconf 86' lang='lat' dir='ltr'>Gregorii</span> <span class='ocrx_word' id='word_1_301' title='bbox 1902 4821 2010 4881; x_wconf 87' lang='lat' dir='ltr'>filii</span> <span class='ocrx_word' id='word_1_302' title='bbox 2043 4822 2215 4881; x_wconf 89' lang='lat' dir='ltr'>Iwan</span> <span class='ocrx_word' id='word_1_303' title='bbox 2249 4820 2326 4879; x_wconf 90' lang='lat' dir='ltr'>de</span> <span class='ocrx_word' id='word_1_304' title='bbox 2353 4817 2776 4895; x_wconf 86' lang='lat' dir='ltr'>Woynosech‚</span> <span class='ocrx_word' id='word_1_305' title='bbox 2808 4815 3104 4875; x_wconf 89' lang='lat' dir='ltr'>nobilium</span> <span class='ocrx_word' id='word_1_306' title='bbox 3138 4814 3372 4875; x_wconf 89' lang='lat' dir='ltr'>scilicet</span> 
     </span>
     <span class='ocr_line' id='line_1_37' title="bbox 818 4924 3369 5011; baseline -0.004 -20"><span class='ocrx_word' id='word_1_307' title='bbox 818 4930 1251 5007; x_wconf 85' lang='lat' dir='ltr'>castrensium,</span> <span class='ocrx_word' id='word_1_308' title='bbox 1298 4950 1539 5011; x_wconf 90' lang='lat' dir='ltr'>pacem,</span> <span class='ocrx_word' id='word_1_309' title='bbox 1586 4930 1988 4990; x_wconf 85' lang='lat' dir='ltr'>concordiam</span> <span class='ocrx_word' id='word_1_310' title='bbox 2036 4938 2097 4989; x_wconf 90' lang='lat' dir='ltr'>et</span> <span class='ocrx_word' id='word_1_311' title='bbox 2142 4928 2435 4988; x_wconf 89' lang='lat' dir='ltr'>unionem</span> <span class='ocrx_word' id='word_1_312' title='bbox 2499 4926 2774 5005; x_wconf 90' lang='lat' dir='ltr'>ipsarum</span> <span class='ocrx_word' id='word_1_313' title='bbox 2820 4924 3101 5003; x_wconf 89' lang='lat' dir='ltr'>parcium</span> <span class='ocrx_word' id='word_1_314' title='bbox 3164 4924 3369 4983; x_wconf 90' lang='lat' dir='ltr'>zelan-</span> 
     </span>
    </p>
   </div>
  </div>
 </body>
</html>
