3917 5592
2986 456 3065 517 19

503 674 663 734 serie
727 674 1137 747 declaramuS‚
1215 674 1384 751 quod
1431 672 1771 733 Mirozlaus
1841 672 2004 731 filius
2056 672 2357 751 Stephani
2427 673 2505 731 de
2554 692 2787 751 genere
2857 673 3067 731 Endre

503 800 770 841 vnacum
839 781 1094 859 Mycula
1141 781 1264 841 filio
1321 781 1602 858 Nycolai,
1673 780 1878 839 Micus
1927 786 1989 840 et
2035 781 2355 859 Stephano
2424 780 2717 840 fratribus
2767 781 3063 855 eiusdem,

507 890 586 949 ad
633 898 912 949 nostram
983 889 1357 948 accedentes
1405 888 1799 966 presenciam
1849 888 2174 966 petierunt,
2224 895 2291 946 vt
2334 888 2572 948 litteras
2641 887 3063 967 priuilegiales

506 996 757 1075 capituli
802 996 1249 1077 Zagrabiensis
1298 1015 1487 1073 super
1520 995 1774 1055 vendita
1819 1002 1986 1054 terra
2034 994 2255 1074 viginti
2288 995 2559 1074 quinque
2607 1004 3067 1055 weretenorum

511 1106 846 1178 confectaS,
894 1104 1013 1183 ipsi
1081 1104 1386 1164 Mirozlao
1433 1122 1546 1181 pro
1597 1103 1877 1180 ampliori
1925 1103 2170 1163 cautela
2218 1112 2428 1162 nostro
2482 1103 2831 1163 faceremus
2880 1104 3065 1181 priui-

504 1214 670 1294 legio
718 1213 1088 1287 confirmari,
1138 1232 1401 1291 quorum
1451 1211 1898 1290 supplicacioni
1945 1230 2060 1270 seu
2092 1211 2383 1289 peticioni
2430 1212 2684 1272 Lucach
2734 1219 2796 1271 et
2840 1212 3063 1272 fratres

505 1322 600 1381 sui
667 1322 772 1381 filii
841 1322 1066 1396 Endre,
1139 1320 1411 1397 Goryna,
1483 1320 1814 1379 Ladizlaus
1893 1320 2053 1379 filius
2125 1318 2447 1394 Gemzina,
2516 1320 2769 1399 Stepko,
2840 1322 3061 1395 Preda,

504 1430 716 1490 Radus
763 1429 923 1489 filius
973 1428 1247 1507 Georgii,
1296 1429 1480 1501 Bork,
1530 1428 1792 1487 Zlavina
1830 1446 1903 1486 ac
1938 1428 2130 1487 ceteri
2177 1427 2545 1507 iobagiones
2594 1428 2783 1488 castri
2826 1430 3063 1508 Zagra-

504 1536 736 1597 biensis
786 1556 928 1596 cum
975 1536 1104 1595 suis
1152 1536 1450 1614 proximis
1500 1543 1561 1594 et
1607 1534 2043 1615 generacione,
2102 1534 2287 1594 uicini
2335 1543 2397 1594 et
2444 1536 2856 1596 commetanei
2902 1544 3065 1596 terre

507 1644 801 1723 predicte,
850 1644 955 1723 qui
1020 1652 1345 1722 presentes
1395 1653 1588 1717 erant,
1638 1643 1772 1703 sine
1820 1643 2031 1721 aliqua
2077 1642 2576 1703 contradiccione
2623 1645 2875 1721 plenum
2923 1664 3066 1705 con-

505 1770 760 1811 sensum
835 1750 1232 1829 prebuerunt.
1296 1751 1579 1826 Quarum
1650 1750 1957 1829 siquidem
2033 1749 2377 1809 litterarum
2443 1758 2627 1809 tenor
2700 1751 2839 1811 talis
2910 1752 3065 1813 suit:

407 1936 414 1943 ι
507 1858 754 1935 (Vide
819 1858 1408 1935 praecedens
1458 1858 1635 1917 doc.
1710 1857 1924 1916 anni
1981 1853 2163 1917 1265.
2214 1864 2425 1916 ante
2476 1855 2576 1918 25.
2625 1858 2847 1919 febr.
2902 1860 3063 1919 sub

505 1966 618 2025 No,
676 1963 812 2032 153.
891 1965 1024 2023 Nos
1069 1946 1262 2045 igitur
1309 1965 1536 2024 seriem
1583 1963 1889 2024 dictarum
1936 1957 2283 2024 litterarum
2331 1964 2560 2024 iustam
2610 1973 2672 2024 et
2717 1966 3067 2045 legitimam

504 2074 634 2133 fore
685 2074 1170 2146 consideranteS,
1236 2072 1629 2150 presentibus
1679 2071 1896 2131 uicinis
1946 2082 2007 2133 et
2054 2071 2503 2132 commetaneis
2550 2072 2745 2151 ipsius
2792 2082 2956 2133 terre
3004 2082 3067 2133 et

505 2202 628 2241 non
678 2180 1262 2254 contradicentibuS,
1311 2199 1576 2259 quorum
1624 2181 1876 2240 nomina
1924 2180 2209 2257 superius
2258 2188 2402 2239 sunt
2434 2198 2748 2257 expressa,
2791 2181 2853 2241 in
2898 2182 3063 2242 hanc

503 2299 740 2350 cartam
789 2289 1048 2349 fecimus
1118 2289 1481 2349 transscribi
1531 2297 1592 2347 et
1637 2289 2077 2366 transscriptas
2144 2289 2205 2347 in
2270 2297 2643 2367 perpetuum
2692 2290 2879 2349 robur
2925 2309 3063 2368 pre-

503 2398 664 2459 dicte
714 2397 1096 2463 vendicionis
1127 2405 1189 2456 et
1221 2396 1560 2473 empcionis
1610 2398 1692 2455 ad
1738 2396 2113 2473 peticionem
2146 2396 2452 2455 dictorum
2498 2395 2820 2457 hominum
2850 2406 3064 2458 nostro

502 2506 701 2585 sigillo
749 2506 1130 2565 communiri.
1206 2506 1438 2564 Datum
1486 2505 1545 2563 in
1593 2505 1799 2581 Selyn,
1865 2506 1930 2564 in
1978 2504 2216 2565 octauis
2266 2504 2560 2579 cinerum,
2613 2524 2777 2565 anno
2826 2505 3060 2565 domini

503 2608 942 2675 M⁰.CC⁰.LX⁰.
991 2614 1223 2692 quinto,

714 2752 997 2823 Originale
1037 2755 1464 2809 membraneum
1503 2744 1632 2809 oiim
1670 2769 1818 2809 zona.
1855 2754 2072 2807 sericea
2108 2752 2261 2807 rubri
2290 2753 2496 2808 coloris
2534 2754 2814 2821 pendente
2854 2754 3067 2823 absque

501 2842 700 2911 sigillo.
737 2844 800 2897 In
839 2843 1071 2897 archivo
1110 2843 1265 2912 regni
1305 2843 1640 2931 Hungariae,
1680 2841 2083 2912 Budapestini:
2141 2840 2207 2897 M.
2250 2841 2311 2897 Ο.
2352 2842 2413 2896 D.
2456 2842 2512 2896 L.
2552 2841 2763 2907 32985„
2826 2842 2961 2898 olim
3004 2840 3055 2899 N

500 2932 564 2987 R.
602 2933 667 2987 A.
705 2934 824 2987 fasc
864 2932 982 2986 135.
1021 2932 1126 2987 No.
1163 2931 1247 2987 21.
1291 2960 1355 2973 —-
1394 2931 1744 3003 Kukuljevic,
1801 2933 2056 3003 Regesta.
2096 2931 2199 2987 No.
2239 2930 2363 2987 887.

1715 3219 1856 3288 1⁷.

715 3419 899 3480 Anno
957 3417 1140 3480 1265.
1193 3418 1293 3480 25.
1346 3418 1570 3498 aprilis
1617 3420 1989 3499 Zagrabiae.

506 3612 758 3678 Coram
804 3612 1123 3677 Martino
1170 3613 1417 3676 comite
1444 3612 1924 3697 Zagrabiensi,
1988 3612 2264 3677 Volkota
2300 3612 2509 3697 filius
2543 3612 2825 3699 surgiS,
2852 3634 3067 3698 qua-n-

500 3719 661 3784 dam
731 3724 992 3785 terram
1039 3721 1240 3784 iuxta
1307 3719 1664 3805 Harastya
1733 3720 1976 3784 comiti
2043 3719 2391 3785 Mirozlao
2454 3724 2781 3805 perpetuo
2846 3722 3067 3807 possi·

1421 3827 1718 3893 dendam
1779 3828 2135 3914 relinquit.

711 4028 844 4088 Nos
875 4027 1185 4087 Martinus
1233 4046 1444 4087 comes
1473 4028 1920 4107 Zagrabiensis
1969 4028 2269 4088 memorie
2311 4030 2823 4089 commendamus
2873 4028 3063 4109 signi-

499 4135 758 4196 ficantes
806 4134 1031 4215 quibus
1081 4135 1331 4213 expedit
1377 4134 1702 4211 uniuersiS,
1751 4136 1922 4213 quod
1953 4136 2271 4197 constituti
2320 4155 2535 4196 coram
2581 4136 2761 4196 nobis
2812 4138 2889 4196 ab
2938 4156 3065 4197 una

497 4250 674 4322 parte
711 4242 936 4303 comite
969 4236 1304 4301 Mirozlao¹
1338 4252 1398 4303 et
1432 4244 1510 4302 ab
1546 4244 1742 4304 altera
1766 4244 2037 4303 Volkota
2063 4244 2226 4304 filius
2272 4244 2491 4325 IurgiS,
2540 4244 2704 4303 idem
2730 4245 3068 4305 Mirozlaus

500 4369 710 4410 comes
755 4351 1143 4427 presentauit
1170 4350 1406 4410 litteras
1455 4351 1800 4411 Alexandri
1833 4352 2194 4411 viceiudicis
2246 4352 2489 4412 comitis
2522 4353 2822 4429 Ladizlay
2871 4372 3065 4432 quon-

499 4459 645 4517 dam
711 4458 1176 4537 ZagrabiensiS,
1223 4457 1285 4517 in
1335 4459 1560 4537 quibus
1608 4459 1826 4518 litteris
1875 4459 2144 4519 uidimus
2194 4460 2511 4535 contineri,
2581 4461 2749 4539 quod
2798 4460 3067 4519 Volkota

499 4566 822 4644 quandam
849 4566 1220 4644 particulam
1265 4574 1430 4625 terre
1462 4586 1574 4625 sue
1606 4567 1780 4627 iuxta
1804 4576 2035 4627 terram
2066 4568 2385 4645 Harastya
2413 4569 2739 4641 iacentem,
2770 4575 3065 4647 quatuor-

499 4672 700 4734 decim
749 4672 1192 4748 dimensioneS,
1243 4674 1408 4752 quod
1457 4674 1726 4754 uulgary
1773 4674 1997 4734 dicitur
2042 4683 2279 4750 vreten,
2348 4675 2651 4734 Mirozlao
2712 4682 3063 4733 memorato

497 4803 608 4861 pro
655 4784 922 4863 ‘quatuor
968 4783 1194 4843 marcis
1227 4784 1705 4863 inpignorasset,
1754 4804 1945 4863 quam
2000 4784 2347 4863 predictam
2392 4793 2625 4843 terram
2672 4802 2710 4842 a
2755 4782 3060 4841 Mirozlao

498 4892 802 4952 redimere
849 4892 912 4951 in
959 4892 1119 4952 festo
1167 4891 1365 4952 sancti
1413 4890 1667 4952 Martini
1714 4891 2051 4968 debuisset,
2118 4892 2225 4971 qui
2270 4893 2541 4952 Volkota
2597 4891 2659 4949 in
2706 4891 2866 4949 festo
2914 4909 3051 4967 pre-

497 4998 660 5063 dicto
709 5000 1078 5065 constitutus
1148 5018 1364 5063 coram
1407 5000 1588 5063 nobis
1657 4999 1983 5065 confessus
2033 5008 2145 5078 est,
2195 5001 2363 5083 quod
2412 5008 2641 5059 terram
2714 4998 3060 5077 predictam

2883 5154 2915 5197 ψ
