3917 5592
2994 494 3125 559 405

783 704 1072 777 originale
1111 708 1554 771 membraneum,
1593 708 1876 778 appendet
1922 708 2102 763 rubea
2139 724 2284 763 zona
2320 707 2537 763 sericea
2574 710 2787 778 absque
2824 708 3023 777 sigillo.
3062 710 3126 763 In

562 798 714 851 auh.
755 798 944 851 accad.
983 798 1177 853 scient.
1216 798 1434 853 Slavor.
1474 798 1668 851 mei-id.
1708 797 2031 867 Zagrabiae.

785 978 802 1008 ¹
843 976 925 1031 sic
982 974 1309 1047 (vocatam).
1387 978 1406 1005 ²
1445 974 1526 1029 sie
1564 974 1835 1045 (scilicet).
1915 976 1934 1003 ⁴²
1973 975 2225 1045 sequitur
2251 992 2513 1043 »usque‹.
2592 976 2611 1005 ⁴
2648 976 2731 1030 sic
2767 975 3124 1045 (ipsiusque).

569 1069 585 1095 ⁵
623 1068 705 1121 sic
741 1066 972 1136 (atque).
1051 1068 1070 1095 ⁸
1108 1065 1188 1120 sic
1228 1064 1492 1135 (sigillum
1533 1065 1830 1135 nostrum).
1907 1066 1927 1093 ⁷
1966 1066 2063 1119 sie.

777 1576 961 1646 Anno
1017 1582 1200 1645 1461'.
1248 1583 1308 1646 4.
1355 1586 1519 1647 maii.
1569 1586 1940 1667 Zagrabiae.

567 1781 818 1845 Coram
866 1780 1080 1845 Ianko
1125 1776 1207 1844 de
1252 1778 1661 1845 Mikchoucz
1705 1780 1953 1844 comite
2004 1778 2253 1865 Campi
2317 1780 2813 1865 Zagrabiensis
2859 1802 2941 1846 ac
2994 1780 3123 1847 Ge-

561 1890 762 1973 orgio
807 1886 1224 1952 Sztanclziclz
1271 1888 1354 1951 de
1400 1886 1565 1972 Sup.
1615 1887 1996 1965 Lnkauecz,
2028 1888 2277 1951 comite
2307 1890 2469 1953 terr.
2500 1887 2749 1973 Campi
2792 1889 3123 1965 eiusdem,

564 1996 984 2060 Franciscus
1015 1995 1096 2060 de
1133 1994 1356 2072 Ottok,
1403 1995 1784 2059 canonicus
1832 1992 2345 2079 ZagrabiensiS,
2390 1994 2729 2079 quasdam
2774 2016 2943 2059 suas
2968 2001 3121 2079 pos·

605 2103 946 2167 sessiones
979 2104 1056 2166 in
1095 2102 1475 2166 Lomnicza
1506 2100 1796 2183 habitaS,
1831 2101 2036 2165 Petro
2074 2102 2369 2177 literam,
2418 2100 2635 2185 affini
2672 2122 2818 2179 suo,
2850 2102 3077 2167 donat.

774 2321 907 2381 Nos
931 2318 1195 2380 Paulus¹
1222 2320 1300 2378 de
1333 2318 1704 2379 Mikchoucz
1734 2338 1946 2379 comes
1980 2317 2205 2397 Campi
2230 2317 2677 2397 Zagrabiensis
2706 2338 2781 2379 ac
2806 2318 3120 2401 Georgius

558 2428 718 2488 filius
783 2429 1100 2507 quondam
1162 2425 1484 2486 Benedicti
1555 2425 1931 2486 Sztanchich
2003 2426 2081 2486 de
2128 2426 2447 2505 Superiori
2504 2427 2840 2487 Lukauecz
2904 2446 3116 2487 comes

558 2536 868 2596 terrestris
915 2534 1194 2595 eiusdem
1245 2532 1475 2613 Campi
1517 2534 1818 2595 memorie
1884 2534 2397 2594 commendamus
2460 2542 2676 2595 tenore
2722 2536 3119 2613 presencium

553 2643 981 2721 significantes
1015 2642 1240 2722 quibus
1289 2641 1538 2721 expedit
1583 2641 1890 2702 universis
1914 2674 1920 2677 ·
1940 2650 2003 2703 et
2049 2642 2329 2721 singuliS,
2376 2642 2545 2721 quod
2592 2642 2879 2702 dominus
2926 2644 3119 2703 Fran·

550 2752 772 2825 ciscuS,
821 2750 1160 2813 canonicus
1225 2750 1488 2810 ecclesie
1548 2749 2013 2829 ZagrabiensiS,
2061 2758 2245 2810 natus
2294 2750 2372 2811 de
2422 2749 2615 2810 Ottok
2664 2760 2726 2810 et
2771 2750 2993 2811 nobilis
3040 2751 3119 2810 de

546 2860 826 2921 Inferiori
902 2858 1257 2932 Lomnicza,
1318 2858 1401 2917 ad
1465 2866 1747 2917 nostram
1814 2858 2227 2935 personaliter
2286 2856 2546 2917 veniens
2606 2856 2999 2937 presenciam
3055 2857 3120 2919 in

547 2968 764 3028 sedem
833 2975 1113 3027 nostram
1175 2964 1562 3025 iudiciariam
1630 2959 2173 3044 Zagrabiensem²,
2230 2966 2546 3043 quomodo
2591 2965 2778 3024 Petro
2826 2964 3111 3035 litteratO,

551 3075 720 3136 affini
771 3083 833 3135 et
881 3071 1351 3153 consangvineo
1398 3090 1531 3147 su0,
1596 3071 1721 3132 filio
1783 3071 1986 3131 Marci
2050 3070 2157 3131 filii
2220 3072 2463 3131 Thome
2527 3071 2605 3130 de
2669 3071 3114 3148 Sillyakouina,

545 3183 864 3262 quandam
927 3180 1275 3241 sessionem
1339 3198 1517 3239 suam
1583 3178 2047 3259 iobagionalem
2110 3177 2172 3239 in
2220 3178 2387 3240 dicta
2433 3178 2773 3238 Lomnicza
2821 3178 3003 3238 sitam
3052 3188 3114 3239 et

551 3290 934 3362 existentem,
997 3286 1060 3347 in
1128 3305 1253 3367 qua
1315 3306 1482 3347 nunc
1550 3285 1783 3346 residet
1842 3286 2200 3363 Stephanus
2250 3285 2411 3345 filius
2458 3285 2906 3359 Arbanaszich,
2956 3285 3115 3345 inter
3188 3280 3199 3289 '

547 3396 893 3457 sessionem
939 3396 1208 3456 filiorum
1255 3413 1368 3454 seu
1415 3394 1718 3455 heredum
1767 3392 2011 3471 Quirini
2058 3394 2351 3455 Volarich
2398 3393 2461 3453 in
2504 3394 2725 3453 eadem
2773 3392 3111 3453 Lomnicza

551 3504 630 3564 ab
678 3502 977 3578 orientali,
1011 3509 1071 3563 et
1104 3501 1266 3563 inter
1296 3500 1646 3561 sessionem
1679 3500 1923 3581 egregii
1968 3499 2229 3561 Mudich
2276 3546 2289 3560 .
2337 3548 2351 3563 .
2401 3547 2414 3561 .
2464 3547 2477 3561 .
2528 3519 2565 3560 a
2612 3500 3015 3575 meridionali,
3046 3508 3111 3561 et

543 3614 703 3673 inter
749 3612 920 3672 viam
967 3628 1361 3671 communem
1411 3610 1489 3669 ab
1540 3609 1925 3684 occidentali,
1975 3617 2037 3669 et
2076 3608 2141 3669 in
2188 3608 2475 3687 opposito
2521 3610 2691 3687 putei
2740 3608 3108 3669 existentem

540 3720 833 3795 habitam,
881 3719 1063 3780 simul
1111 3737 1254 3779 cum
1287 3717 1526 3777 cunctis
1573 3716 1754 3777 terris
1802 3716 2257 3794 campestribus
2290 3735 2405 3777 seu
2438 3716 2793 3791 arabilibus,
2839 3715 3105 3797 primam

542 3837 771 3889 terram
822 3825 1110 3888 videlicet
1156 3823 1659 3905 Bregodernicza
1707 3818 1981 3899 vocata³,
2027 3841 2223 3902 penes
2270 3832 2499 3885 terram
2533 3822 2827 3883 nobilium
2873 3823 2934 3882 in
2966 3842 3106 3901 pre·

541 3936 706 3997 dicta
753 3934 1094 3995 Lomnicza
1138 3933 1216 3993 ab
1251 3932 1537 3993 orientali
1581 3939 1712 3993 tam
1745 3932 1946 3992 eciam
1994 3951 2031 3992 a
2080 3931 2485 4008 meridionali,
2533 3940 2595 3995 et
2640 3932 2801 3993 inter
2846 3932 3104 3993 fluvium

541 4043 718 4105 Odra
749 4051 1042 4105 vocatum
1075 4042 1154 4102 ab
1190 4040 1576 4115 occidentali,
1608 4039 1918 4116 habitam;
1968 4040 2310 4103 secundam
2334 4047 2567 4103 terram
2598 4040 2961 4101 Podoresko
2993 4060 3101 4101 vo-

540 4164 763 4227 catam,
810 4170 1007 4230 penes
1065 4159 1297 4209 terram
1347 4147 1639 4227 Gregorii
1669 4146 1776 4207 filii
1824 4145 2129 4225 Stephani
2162 4147 2240 4207 de
2274 4146 2497 4207 eadem
2530 4146 2609 4208 ab
2642 4146 2943 4221 orientali,
2975 4167 3101 4207 uno

535 4260 659 4321 fine
685 4259 851 4320 circa
875 4266 1122 4336 portum
1148 4256 1340 4336 vulgo
1366 4254 1600 4317 dictum
1627 4254 1954 4315 Pescheno
1980 4253 2323 4315 Brodische
2350 4272 2389 4313 a
2412 4253 2817 4327 meridionali,
2849 4262 2911 4314 et
2940 4253 3101 4317 inter

530 4367 700 4429 viam
727 4384 1122 4427 communem
1148 4364 1226 4425 ab
1253 4362 1642 4439 occidentali,
1665 4371 1728 4423 et
1750 4361 1913 4425 inter
1941 4372 2174 4425 terram
2198 4362 2423 4442 prefati
2448 4361 2740 4442 Gregorii
2768 4381 2805 4423 a
2828 4369 3097 4441 septem-

529 4476 761 4551 trione3
821 4473 1077 4535 terciam
1141 4480 1373 4533 terram
1403 4484 1632 4551 'penes
1679 4479 1912 4533 terram
1972 4471 2193 4546 Putek,
2243 4478 2305 4530 et
2350 4470 2511 4533 inter
2556 4477 2787 4531 terram
2830 4470 3099 4533 Matthei

531 4583 747 4644 Petich
779 4583 841 4643 in
875 4582 1099 4645 eadem
1127 4579 1468 4640 Lomnicza
1515 4597 1553 4638 a
1600 4578 2005 4653 meridionali,
2054 4586 2117 4641 et
2143 4578 2305 4639 inter
2349 4577 2535 4653 viam,
2581 4596 2695 4659 per
2738 4595 2931 4657 quam
2975 4576 3097 4639 itur

527 4710 749 4751 versus
773 4690 1072 4759 Mlakam,
1097 4688 1242 4749 villa
1273 4687 1352 4749 de
1377 4686 1761 4747 sessionibus
1785 4686 2019 4749 Nouuk
2045 4685 2123 4755 ab
2150 4684 2519 4749 occidentali
2551 4692 2615 4747 et
2638 4683 2798 4746 inter
2827 4684 3093 4749 eandem

524 4805 758 4859 terram
805 4796 1036 4860 Nouuk
1069 4814 1108 4855 a
1139 4794 1615 4873 septemtrione;
1663 4800 1953 4875 quartam
1986 4801 2217 4855 terram
2248 4810 2445 4873 penes
2492 4789 2801 4873 prefatum
2828 4790 3089 4853 fluvium

525 4903 701 4965 Odra
767 4904 845 4965 ab
894 4900 1194 4974 orientali,
1258 4910 1321 4962 et
1380 4900 1541 4962 inter
1599 4908 1832 4961 terram
1891 4900 2089 4978 Iuany
2150 4898 2259 4961 filii
2323 4896 2679 4960 Sebastiani
2739 4897 2801 4957 in
2866 4896 3091 4959 eadem

527 5010 862 5072 Lomnicza
897 5029 934 5069 a
965 5005 1368 5079 meridionali,
1401 5014 1462 5065 et
1493 5008 1654 5071 inter
1699 5006 1867 5069 viam
1900 5006 2219 5087 quandam
2266 5004 2347 5063 ab
2394 5004 2782 5079 occidentali,
2830 5012 2892 5065 et
2930 5003 3095 5065 inter
