3917 5592
783 459 911 524 276

780 673 975 736 iusto¹
1036 677 1185 737 iuris
1248 677 1686 737 moder-acione
1752 677 2252 750 discucientibuS,
2323 678 2680 755 Stephanus
2740 679 2903 738 filius
2967 677 3204 738 Vrbani
3265 680 3344 740 de

784 781 1159 860 Korylowcz
1208 793 1271 843 et
1300 783 1599 844 Clemens
1644 783 1807 844 filius
1855 781 2036 844 Pauli
2065 783 2171 843 filii
2203 783 2414 843 Iacobi
2447 784 2526 843 de
2559 785 2799 858 eadem,
2851 803 2925 844 ac
2967 784 3342 844 Benedictus

782 890 943 950 filius
991 890 1159 950 Petri
1223 890 1367 951 dicti
1432 891 1793 964 Zrinschak,
1859 907 2061 970 gener
2107 907 2259 949 vero
2308 889 2573 950 condam
2622 890 2883 970 Georgii
2943 889 3050 950 filii
3102 889 3344 950 Nicolai

781 999 859 1056 de
908 997 1141 1071 Mlaka,
1190 1016 1376 1075 quem
1440 997 1674 1056 scilicet
1731 995 2141 1056 Benedictum
2207 995 2325 1075 ipsi
2395 997 2752 1075 Stephanus
2814 1005 2877 1056 et
2937 997 3234 1058 Clemens
3280 997 3343 1056 in

781 1106 1144 1165 societatem
1195 1114 1256 1165 et
1303 1105 1693 1165 consorcium
1743 1123 1959 1164 eorum
2010 1105 2090 1163 ad
2142 1105 2473 1164 emendam
2511 1106 2830 1182 quandam
2875 1105 3342 1183 possessionem

724 1246 732 1254 ·
785 1221 847 1272 et
894 1212 1253 1290 porcionem
1322 1208 1881 1291 possessionariam
1931 1209 2409 1288 infrascriptam,
2477 1211 2684 1270 animo
2750 1212 3092 1271 deliberato
3155 1219 3218 1271 et
3265 1231 3338 1270 ex

778 1321 945 1379 bona
994 1338 1210 1378 eorum
1258 1319 1577 1377 voluntate
1626 1319 2131 1396 assumpsissent,
2197 1317 2391 1376 nostri
2455 1317 2864 1395 personaliter
2907 1319 3234 1380 venientes
3280 1321 3342 1381 in

781 1426 1191 1506 presenciam,
1255 1426 1433 1485 nobis
1496 1445 1572 1486 eo
1634 1427 1823 1485 modo
1890 1425 2248 1506 significare
2318 1433 2710 1500 curaverunt,
2758 1432 2828 1483 ut
2871 1425 3007 1503 ipsi,
3055 1428 3344 1488 videlicet

779 1535 1137 1611 Stephanus
1171 1533 1331 1592 filius
1379 1531 1573 1611 ipsius
1624 1533 1856 1593 Vrbani
1906 1541 1969 1592 et
2015 1533 2392 1594 Benedictus
2425 1532 2586 1591 filius
2633 1531 2856 1610 prefati
2903 1533 3072 1593 Petri
3110 1536 3338 1612 Zryns·

782 1642 959 1713 chak‚
1010 1640 1407 1700 medietatem
1458 1640 1782 1700 cuiusdam
1828 1638 2245 1717 possessionis
2293 1649 2355 1700 et
2403 1639 2714 1717 porcionis
2745 1641 3240 1717 possessionarie
3273 1643 3339 1701 in

779 1749 1060 1825 predicta
1106 1747 1459 1807 Korilowcz
1492 1747 1720 1820 habite,
1770 1747 1869 1806 cui
1901 1747 2136 1806 scilicet
2166 1746 2550 1824 possessioni
2584 1754 2646 1807 et
2674 1747 2954 1824 porcioni
2995 1749 3339 1825 possessio·

780 1855 971 1928 narie,
1022 1873 1059 1914 a
1107 1863 1283 1933 parte
1331 1864 1495 1914 terre
1546 1855 1812 1913 condam
1859 1853 2028 1914 Petri
2074 1854 2180 1914 filii
2211 1852 2639 1930 Radinowych
2671 1863 2840 1913 esset
2867 1874 2980 1932 pro
3012 1864 3182 1916 meta
3212 1875 3339 1916 una

780 1963 967 2020 arbor
1014 1962 1274 2042 iagneth
1339 1971 1714 2040 nuncupata,
1762 1963 1906 2022 inde
1956 1963 2038 2021 ad
2104 1971 2348 2040 partem
2409 1961 2878 2021 meridionalem
2939 1965 3336 2041 procedendo

780 2069 1022 2129 veniret
1068 2070 1147 2128 ad
1196 2069 1415 2129 foveas
1464 2069 1744 2147 wlpinaS,
1794 2078 1856 2128 et
1886 2069 2111 2128 abinde
2160 2069 2393 2128 directe
2441 2070 2822 2128 transeundo
2869 2070 3225 2147 perveniret
3255 2072 3334 2130 ad

778 2195 964 2235 unam
1018 2177 1313 2250 Mlakam,
1379 2196 1501 2254 que
1566 2185 1734 2236 esset
1802 2176 1973 2234 iuxta
2041 2184 2243 2235 metas
2318 2177 2792 2255 l-IungaricaleS‚
2843 2185 2903 2236 et
2967 2196 3080 2254 per
3133 2177 3331 2255 ipsam

779 2283 1059 2342 Mlakam
1133 2285 1336 2343 eundo
1398 2284 1682 2360 superius
1754 2283 2110 2361 perveniret
2179 2301 2376 2360 usque
2438 2291 2638 2342 metas
2702 2283 3333 2364 Nowgarzkamegye

776 2391 994 2464 dictaS,
1045 2401 1106 2450 et
1154 2391 1231 2450 ab
1266 2391 1411 2450 inde
1444 2391 1842 2468 procedendo
1875 2391 2170 2449 transiret
2199 2409 2312 2467 per
2342 2390 2542 2468 ipsam
2575 2390 2856 2449 Mlakam
2889 2399 2952 2450 et
2981 2392 3333 2469 perveniret

782 2498 863 2556 ad
910 2505 1111 2557 metas
1159 2497 1401 2556 Nicolai
1448 2497 1554 2556 filii
1580 2497 1845 2570 Lucasii,
1896 2505 1960 2556 et
1993 2497 2070 2555 ab
2099 2496 2242 2555 hinc
2289 2497 2686 2574 procedendo
2735 2497 2969 2556 directe
3015 2516 3127 2576 per
3164 2499 3333 2558 viam

776 2605 1014 2664 veniret
1062 2606 1141 2665 ad
1188 2605 1457 2682 priorem
1506 2613 1737 2664 metam
1786 2605 1867 2664 ad
1926 2605 2216 2665 arborem
2280 2604 2536 2685 iagneth
2598 2605 2846 2678 dictam,
2912 2606 3330 2680 medietatem,

774 2719 842 2770 ut
886 2711 1237 2788 predicitur,
1284 2711 1479 2789 ipsius
1526 2711 1941 2788 possessionis
1969 2719 2030 2771 et
2055 2712 2367 2790 porcionis
2416 2711 2924 2790 possessionarie,
2973 2713 3330 2791 porcionem

780 2817 1011 2876 scilicet
1076 2820 1342 2878 condam
1404 2819 1655 2895 Endrey
1706 2817 1810 2877 filii
1858 2819 2169 2879 Valentini
2235 2818 2340 2878 filii
2388 2819 2630 2878 Nicolai
2690 2818 2835 2878 dicti
2901 2820 3330 2897 Tremschyak

778 2927 855 2984 de
890 2924 1052 2985 dicta
1088 2926 1457 2998 Korilowcz,
1492 2945 1679 3003 quam
1714 2927 1881 3002 olym
1914 2925 2190 3004 prefatus
2223 2927 2590 2986 Valentinus
2619 2933 2799 3005 pater
2835 2927 3026 3005 ipsius
3060 2928 3329 3005 Endrey,

776 3053 814 3092 a
861 3034 1127 3093 condam
1176 3033 1362 3092 Petro
1410 3032 1534 3092 filio
1580 3034 1843 3110 stych,
1912 3034 2079 3110 olym
2137 3033 2341 3093 nobile
2391 3035 2536 3093 dicti
2595 3033 2821 3112 Campi
2885 3035 3328 3114 Zagrabiensis

772 3142 849 3200 de
897 3141 1179 3218 predicta
1240 3140 1607 3214 Korilowcz,
1655 3160 1767 3219 pro
1830 3149 2002 3200 certa
2065 3141 2470 3218 pecuniarum
2528 3143 2873 3220 quantitate
2934 3143 3204 3216 emisset,
3269 3152 3331 3203 et

770 3256 913 3326 post
958 3257 1221 3308 mortem
1268 3248 1463 3325 ipsius
1496 3249 1810 3308 Valentini
1856 3249 2050 3326 patris
2085 3248 2231 3308 dicti
2263 3249 2515 3326 Endrey
2549 3251 2772 3311 eadem
2819 3249 3123 3310 medietas
3162 3251 3324 3311 dicte

776 3355 1193 3433 possessionis
1228 3364 1288 3414 et
1311 3355 1622 3434 porcionis
1651 3355 2166 3434 possessionarie,
2200 3375 2388 3434 super
2413 3359 2678 3417 eundem
2709 3358 2978 3435 Endrey,
3009 3367 3336 3438 tamquam-

772 3465 1067 3524 heredem
1122 3473 1187 3524 et
1248 3465 1642 3542 superstitem
1706 3464 1957 3524 unicum
2021 3464 2215 3542 ipsius
2263 3464 2590 3537 Valentini,
2655 3472 2798 3542 post
2857 3465 3058 3543 ipsum
3109 3465 3322 3526 vivum

774 3580 1217 3644 remanentem,
1283 3572 1411 3632 iure
1477 3572 1849 3632 hereditario
1912 3572 2116 3632 fuerat
2164 3572 2458 3631 devoluta
2505 3581 2567 3630 et
2628 3571 2898 3646 redacta,
2955 3573 3134 3632 simul
3186 3593 3327 3633 cum

770 3676 1055 3736 omnibus
1121 3678 1399 3737 eiusdem
1470 3679 1819 3738 medietatis
1882 3680 2159 3757 predicte
2222 3679 2636 3756 possessionis
2703 3687 2765 3738 et
2827 3679 3137 3757 porcionis
3184 3699 3326 3757 pos-

772 3783 1165 3858 sessionarie,
1212 3785 1523 3862 porcionis
1580 3786 1866 3845 videlicet
1915 3786 2110 3863 ipsius
2155 3787 2426 3863 Endrey,
2477 3786 2555 3846 ab
2608 3786 2830 3847 eodem
2884 3787 3136 3863 Endrey
3181 3789 3327 3847 dum

772 3892 977 3952 adhuc
1040 3893 1173 3970 ipse
1237 3892 1297 3952 in
1347 3894 1467 3952 hoc
1532 3895 1743 3952 seculo
1800 3894 2126 3972 temporali
2191 3895 2464 3969 vixisset,
2533 3914 2646 3972 pro
2715 3895 3010 3955 tredecim
3076 3895 3326 3956 florenis

777 3999 983 4060 aureis
1032 4000 1235 4059 eidem
1282 4001 1535 4078 Endrey
1570 4009 1796 4061 eotunc
1828 4021 1942 4079 per
1975 4003 2143 4081 ipsos
2175 4003 2562 4081 Stephanum
2595 4010 2659 4062 et
2690 4003 3096 4062 Benedictum
3144 4005 3327 4082 plene

774 4106 1105 4184 persolutis
1155 4106 1451 4167 emissent
1500 4117 1561 4166 et
1591 4117 1893 4186 perpetuo
1940 4109 2404 4187 possidendam,
2453 4111 2705 4170 demum
2735 4129 2888 4170 vero
2921 4111 3038 4187 hys
3084 4109 3326 4184 habitis,

774 4215 1051 4274 Thomas
1098 4215 1259 4274 filius
1307 4215 1568 4294 Georgii
1615 4215 1720 4275 filii
1768 4217 1937 4275 [wan
1986 4217 2093 4276 filii
2142 4217 2286 4277 dicti
2332 4219 2593 4294 stych‚
2644 4218 2704 4278 in
2767 4237 2881 4278 sua
2929 4228 2991 4277 et
3036 4218 3326 4277 Iohannis

771 4341 845 4382 ac
892 4323 1207 4383 Valentini
1254 4323 1539 4397 filiorum,
1588 4343 1703 4383 nec
1751 4343 1876 4383 non
1922 4325 2118 4385 Elene
2189 4325 2312 4384 filie
2385 4345 2638 4385 suorum
2687 4326 3006 4404 personis;
3070 4325 3218 4385 item
3267 4325 3328 4386 in

770 4430 1053 4508 personis
1100 4431 1359 4507 Mathye
1410 4429 1515 4490 filii
1564 4431 1876 4490 Valentini
1925 4432 2072 4491 dicti
2120 4433 2295 4507 Ozel,
2345 4433 2449 4492 filii
2503 4432 2727 4510 prefati
2771 4434 2944 4492 Iwan
2989 4433 3096 4492 filii
3134 4433 3328 4512 ipsius

770 4538 1039 4614 stych,
1088 4556 1161 4596 ac
1208 4537 1269 4596 in
1318 4556 1591 4615 persona
1636 4539 1980 4598 Scolastice
2027 4540 2149 4599 filie
2199 4539 2519 4599 Benedicti
2565 4538 2672 4599 filii
2706 4539 2986 4599 eiusdem
3016 4539 3328 4600 Valentini

772 4645 946 4718 Ozel,
996 4663 1241 4704 necnon
1288 4644 1351 4703 in
1377 4645 1659 4722 personis
1708 4646 1949 4705 Thome
1977 4655 2038 4706 et
2069 4647 2266 4724 Kyrin
2312 4647 2578 4707 filiorum
2625 4647 2791 4706 Petn‘
2825 4647 2971 4707 dicti
2995 4647 3327 4727 Cherngel,

772 4753 879 4812 filii
926 4753 1187 4830 predicti
1233 4755 1407 4812 Iwan
1454 4753 1561 4812 filii
1608 4752 1756 4812 dicti
1801 4755 2078 4832 stych;
2126 4755 2274 4814 item
2321 4755 2384 4814 in
2431 4755 2714 4834 personis
2775 4756 3071 4829 Barbare,
3133 4757 3328 4816 Elene

774 4869 837 4919 et
884 4860 1200 4920 Dorothee
1264 4858 1529 4921 filiarum
1594 4861 1861 4920 condam
1923 4862 2225 4940 Stephani
2289 4861 2395 4922 filii
2458 4861 2718 4940 predicti
2779 4862 2946 4922 Petri
2993 4861 3327 4941 Cherngel,

772 4975 833 5026 et
884 4967 947 5026 in
992 4969 1279 5045 personis
1328 4966 1588 5048 Georgii
1637 4977 1699 5028 et
1744 4969 1988 5028 Malecz
2037 4989 2111 5030 ac
2157 4971 2415 5030 Gerdak
2475 4970 2741 5030 filiorum
2801 4969 3024 5048 prefati
3085 4970 3327 5030 Thome
