3917 5592
793 435 914 513 122

775 669 921 730 dam
969 671 1257 730 arborem
1319 666 1433 749 piri
1481 678 1648 731 meta
1712 679 1918 731 terrea
1967 659 2423 745 circurnfusam,
2488 660 2567 731 ab
2614 654 2835 731 hinde⁴
2901 666 2983 732 ad
3048 662 3339 736 arborem

775 780 882 837 twl
941 796 1125 838 cruce
1191 778 1506 858 signatam
1554 787 1618 838 et
1663 786 1833 838 meta
1897 788 2106 839 terrea
2169 779 2626 853 circumfusam,
2691 779 2917 839 deinde
2980 780 3351 858 procederet

776 885 859 947 ad
903 894 1146 965 partem
1195 886 1768 964 septemtrionalem
1817 896 1880 945 et
1923 885 2283 965 perueniret
2330 887 2411 946 ad
2456 887 2773 965 quandam
2824 887 3111 947 arborem
3158 886 3346 947 silicis

780 1012 964 1054 cruce
1033 994 1349 1074 signatam
1415 1002 1477 1053 et
1545 1002 1716 1053 meta
1785 1001 1991 1053 terrea
2064 992 2503 1053 circumfusam
2574 1003 2637 1054 et
2705 994 2963 1054 intraret
3033 994 3349 1071 quandam

775 1111 1005 1162 terram
1037 1102 1354 1177 arabilem,
1391 1102 1470 1162 ab
1502 1102 1690 1163 hinde
1724 1120 1956 1162 versus·
1975 1101 2278 1162 orientem
2312 1102 2553 1161 veniret
2584 1103 2665 1161 ad
2695 1103 3011 1181 quandam
3059 1101 3346 1162 arborem

775 1209 891 1287 piri
940 1229 1124 1270 cruce
1173 1209 1489 1290 signatam
1539 1219 1602 1270 et
1649 1217 1819 1269 meta
1865 1218 2075 1270 terrea
2103 1209 2559 1284 circumfusam,
2609 1210 2687 1270 ab
2734 1210 2878 1269 hinc
2925 1209 3157 1269 directe
3204 1226 3345 1287 pro-

776 1318 1028 1379 cederet
1073 1318 1135 1378 in
1182 1318 1460 1391 fluuium,
1508 1316 1612 1396 qui
1647 1326 1906 1377 vocatur
1953 1317 2161 1378 Maior
2205 1318 2527 1395 Vradomy
2561 1326 2623 1377 et
2652 1336 2765 1396 per
2813 1318 3081 1378 eundern
3130 1336 3347 1377 ascen-

775 1426 952 1487 deret
979 1444 1202 1486 versus
1252 1425 1630 1505 aquillonem
1659 1425 1722 1485 in
1753 1444 1990 1505 magno
2038 1424 2253 1503 spacio
2283 1434 2347 1485 et
2376 1425 2637 1485 intraret
2682 1425 2743 1484 in
2778 1425 3039 1485 fluuium
3078 1424 3350 1497 Obdina,

775 1553 888 1612 per
951 1553 1139 1613 quem
1203 1534 1428 1594 iterum
1492 1533 1776 1595 ascendit
1823 1552 2015 1611 supra
2079 1553 2279 1614 usque
2339 1534 2422 1593 ad
2479 1534 2796 1612 quendam
2850 1534 3054 1593 locum
3120 1532 3343 1611 pontis,

775 1660 963 1720 quem
1009 1640 1304 1701 transiret
1349 1649 1413 1701 et
1458 1641 1783 1701 deueniret
1830 1640 1912 1701 ad
1959 1640 2277 1719 quandam
2325 1640 2614 1701 arborem
2661 1640 2777 1719 piri
2810 1659 2849 1699 a
2900 1648 3077 1719 parte
3124 1640 3343 1701 dextra

778 1758 948 1809 meta
991 1758 1198 1809 terrea
1245 1748 1702 1822 circumfusam,
1762 1747 1989 1808 deinde
2037 1749 2421 1808 transeundo
2468 1767 2581 1826 per
2627 1748 2944 1827 quandam
2992 1748 3161 1808 viam
3208 1766 3346 1826 per·

777 1856 1020 1917 ueniret
1066 1857 1147 1917 ad
1195 1856 1484 1917 arborem
1531 1856 1620 1915 tul
1669 1874 1854 1915 cruce
1917 1856 2233 1936 signatam
2284 1865 2347 1917 et
2392 1864 2561 1916 meta
2619 1865 2827 1916 terrea
2886 1855 3344 1928 circumfusam,

777 1963 946 2023 iuxta
993 1982 1182 2043 quam
1231 1971 1326 2024 est
1372 1959 1660 2044 quidam⁶
1722 1964 1909 2024 arbor
1954 1964 2136 2041 zylfa,
2204 1964 2282 2023 ab
2330 1964 2475 2024 hinc
2539 1965 2909 2041 procederet
2954 1963 3035 2023 ad
3092 1964 3349 2042 plagam

776 2072 1348 2150 septemtrionalem
1407 2089 1523 2149 per
1569 2071 1836 2131 eandem
1895 2071 2065 2131 viam
2113 2080 2175 2131 et
2220 2071 2463 2131 veniret
2526 2072 2605 2131 ad
2670 2071 2959 2131 arborem
3004 2069 3122 2149 piri
3184 2078 3354 2130 meta

777 2190 984 2240 terrea
1031 2179 1487 2254 circumfusam,
1553 2187 1615 2239 et
1663 2180 1741 2241 ab
1789 2180 1934 2239 hinc
1998 2198 2113 2258 per
2159 2180 2425 2240 eandem
2475 2180 2640 2239 viam
2700 2178 2940 2239 veniret
2987 2178 3069 2238 ad
3114 2185 3350 2237 metam

777 2298 1064 2363 terream,
1125 2288 1348 2347 iterum
1395 2306 1507 2365 per
1567 2288 1801 2347 bonum
1849 2287 2131 2366 spacium
2193 2306 2308 2366 per
2354 2289 2621 2349 eandem
2683 2288 2852 2347 viam
2901 2306 3120 2347 versus
3188 2285 3348 2345 occi-

780 2397 1092 2457 dentalem
1150 2397 1404 2475 plagam
1470 2394 1712 2455 veniret
1757 2396 1838 2455 ad
1902 2394 2138 2456 metam
2200 2403 2487 2470 terream,
2554 2396 2657 2455 vbi
2716 2395 2974 2455 includit
3033 2394 3351 2473 quandam

781 2513 1016 2563 terram
1077 2504 1158 2563 ad
1218 2503 1492 2581 quinque
1557 2511 1776 2563 ureten
1816 2503 2156 2584 wlgariter,
2216 2504 2399 2563 metis
2445 2504 2666 2563 terreis
2728 2503 3059 2583 signatam,
3127 2500 3350 2561 exinde

781 2611 1150 2690 procederet
1195 2610 1427 2670 directe
1477 2610 1556 2670 ad
1604 2611 1927 2671 meridiem
1957 2620 2020 2670 et
2048 2610 2289 2671 veniret
2336 2612 2415 2671 ad
2466 2610 2755 2671 arborem
2786 2611 2875 2669 tul
2921 2617 3090 2669 meta
3135 2617 3341 2669 terrea

788 2718 1242 2792 circumfusam,
1291 2718 1516 2778 deinde
1564 2718 1932 2796 procederet
1979 2718 2212 2778 directe
2258 2717 2321 2777 in
2370 2718 2633 2806 ryvirlum
2680 2716 3053 2777 Hreuaczka
3100 2714 3351 2792 dictum,

786 2826 892 2885 vbi
954 2836 1050 2886 est
1110 2834 1277 2885 meta
1323 2834 1545 2899 terrea,
1615 2827 1693 2885 ab
1741 2825 1884 2884 hinc
1943 2842 2058 2903 per
2112 2826 2381 2885 eundem
2446 2825 2711 2902 rywlum
2759 2824 3127 2902 procederet
3187 2821 3352 2881 circa

785 2944 986 2995 terras
1031 2933 1436 3013 iobagionum
1485 2933 1671 2992 castri
1717 2951 1832 3010 per
1877 2951 2181 3012 magnum
2237 2932 2521 3011 spacium
2568 2940 2631 2991 et
2678 2932 2935 2991 intraret
2979 2930 3043 2990 in
3090 2930 3354 3006 rywlum

787 3042 1041 3101 Obdina
1086 3040 1452 3118 predictum,
1500 3040 1644 3099 inde
1694 3040 2098 3100 ascendendo
2126 3039 2188 3099 in
2220 3040 2466 3101 modico
2513 3039 2728 3117 spacio
2760 3058 2983 3098 versus
3032 3036 3353 3099 meridiem

789 3148 1026 3210 veniret
1074 3151 1154 3208 ad
1202 3148 1520 3226 quandam
1585 3147 1873 3207 arborem
1919 3148 2075 3209 tulta
2139 3167 2323 3207 cruce
2372 3148 2705 3228 signatam,
2772 3166 2966 3225 prope
3015 3164 3207 3225 quam
3253 3153 3349 3205 est

793 3265 962 3317 meta
1007 3265 1230 3329 terrea,
1278 3256 1421 3316 inde
1469 3254 1750 3333 procedit
1796 3273 2019 3315 versus
2067 3255 2367 3316 orientem
2411 3256 2577 3316 circa
2622 3262 2854 3315 metam
2900 3253 3198 3332 Stephani
3247 3252 3355 3312 filii

796 3364 1179 3423 Wlokochsa
1212 3371 1275 3423 et
1305 3362 1546 3422 veniret
1577 3363 1657 3422 ad
1690 3363 2008 3441 quandam
2054 3371 2289 3423 metam
2320 3372 2609 3438 terream,
2656 3363 2801 3422 inde
2834 3362 3067 3422 directe
3116 3360 3356 3420 veniret

795 3474 876 3533 ad
922 3472 1236 3551 quandam
1286 3470 1573 3530 arborem
1603 3471 1690 3529 tul
1720 3479 1890 3530 meta
1933 3478 2143 3531 terrea
2185 3471 2642 3545 circumfusam,
2674 3471 2777 3529 vbi
2811 3489 2849 3530 a
2880 3478 3057 3548 parte
3104 3468 3355 3529 sinistra

789 3590 958 3640 terra
1019 3588 1371 3639 remaneret
1441 3578 1722 3638 eiusdem
1782 3579 2087 3656 Stephani
2134 3579 2239 3639 filii
2306 3580 2707 3651 Wlokochsa,
2782 3579 2926 3637 inde
2976 3576 3215 3637 veniret
3265 3576 3345 3635 ad

791 3688 1108 3766 quandam
1156 3686 1444 3746 arborem
1491 3686 1578 3744 tul
1626 3704 1808 3745 cruce
1859 3686 2173 3765 signatam
2207 3694 2269 3745 et
2296 3694 2465 3746 meta
2510 3696 2718 3746 terrea
2765 3683 3221 3755 circumfusam,
3272 3682 3351 3741 ab

791 3795 935 3854 hinc
981 3793 1214 3853 directe
1262 3793 1658 3871 procedendo
1705 3792 1962 3852 intraret
2010 3793 2071 3852 in
2118 3812 2418 3874 magnam
2467 3794 2707 3867 siluam,
2739 3792 2844 3851 vbi
2892 3800 2989 3851 est
3036 3792 3221 3851 arbor
3266 3791 3353 3849 tul

792 3920 976 3961 cruce
1024 3900 1290 3981 signata,
1339 3900 1417 3959 ab
1446 3899 1588 3959 hinc
1635 3918 1748 3977 per
1779 3919 2079 3979 magnam
2127 3899 2348 3961 siluam
2383 3901 2673 3962 transiret
2717 3900 2941 3959 iterum
2976 3899 3057 3958 ad
3089 3897 3353 3977 primam

793 4017 1026 4068 metam
1072 4016 1134 4067 et
1180 4006 1264 4066 ibi
1313 4007 1805 4067 terminerentur.
1884 4006 1985 4067 Ad
2034 4008 2300 4068 eandem
2350 4008 2549 4068 eciam
2596 4007 3060 4086 possessionem
3108 4012 3354 4083 reperta

793 4126 890 4176 est
935 4115 1244 4194 pertinere
1293 4115 1564 4192 quedam
1595 4124 1762 4174 terra
1811 4116 2065 4175 arabilis
2099 4117 2179 4177 ad
2211 4117 2484 4195 quinque
2532 4134 2858 4176 mensuras
2894 4122 3109 4173 vreten
3156 4113 3352 4189 wlga-

795 4224 958 4299 riter,
1005 4222 1126 4302 que
1175 4232 1270 4283 est
1316 4222 1475 4281 inter
1520 4231 1719 4282 terras
1768 4224 1943 4283 Pauli
1992 4224 2100 4283 filii
2147 4225 2355 4284 Iacobi
2402 4225 2753 4300 Wayuoda,
2800 4222 3004 4281 Miren
3054 4230 3115 4281 et
3161 4220 3353 4279 Blasii

795 4332 900 4392 filii
945 4331 1177 4405 Iwank,
1225 4328 1520 4388 Anthonii
1569 4338 1631 4389 et
1671 4328 1923 4390 Andree
1972 4329 2237 4391 filiorum
2285 4332 2556 4406 Andree,
2590 4330 2992 4409 iobagionum
3039 4328 3224 4388 castri
3273 4328 3351 4387 de

795 4432 1150 4515 Cachyan,⁶
1195 4432 1406 4497 metis'
1440 4436 1660 4496 terreis
1709 4436 2162 4499 circumfusam.
2256 4439 2325 4497 In
2372 4438 2547 4497 cuius
2596 4437 2686 4497 rei
2744 4435 3109 4495 memoriam
3166 4434 3351 4494 firmi-

795 4554 1111 4623 tatemque
1143 4554 1528 4623 perpetuam,
1553 4546 1946 4622 presentibus
1978 4546 2248 4625 sigillum
2278 4546 2565 4605 duximus
2591 4544 3087 4623 appendendum.
3124 4542 3351 4602 Datum

792 4652 946 4712 feria
991 4652 1184 4711 tercia
1229 4660 1371 4729 post
1415 4650 1644 4710 festum
1677 4652 2131 4730 assumpcionis
2178 4643 2363 4714 beate
2398 4652 2672 4731 virginiS,
2723 4670 2887 4710 anno
2935 4648 3167 4709 domini
3215 4648 3347 4708 mil-

794 4759 1012 4820 lesimo
1059 4752 1564 4817 CCCQLXXXQ
1613 4768 1856 4819 octauo,
3046 4754 3049 4757 ⁴
