3917 5592
783 426 914 489 302

783 662 1034 721 semper
1095 642 1286 703 salvis
1348 644 1831 717 remanentibuS,
1897 644 2121 704 harum
2182 651 2535 703 nostrarum
2605 643 2789 724 sigilli
2845 644 3038 703 nostri
3102 663 3333 723 appen-

780 749 958 811 sione
1004 750 1523 811 communitarum
1573 750 1792 832 vigore
1841 758 1903 811 et
1947 750 2303 811 testimonio
2334 750 2676 811 litterarum
2724 750 3055 811 mediante.
3105 752 3335 811 Datum

780 858 935 919 feria
995 859 1272 919 secunda
1318 859 1604 937 proxima
1650 869 1792 938 post
1839 860 2214 920 dominicam
2262 859 2843 938 Ramispalmarum‚
2892 878 3055 920 anno
3102 858 3337 919 domini

777 964 1100 1026 millesimo
1149 966 1764 1047 quadringentesimo
1812 966 2333 1047 quinquagesimo
2380 967 2675 1027 secundO.

989 1104 1273 1174 Originale
1312 1108 1756 1175 membraneum,
1795 1122 1831 1161 a
1869 1122 2016 1161 zona
2061 1107 2232 1160 rubra
2282 1104 2498 1160 sericea
2548 1105 2756 1175 pendet
2806 1105 3069 1174 sigillum.
3126 1104 3188 1159 In
3245 1121 3332 1159 ar·

774 1193 944 1250 chivo
980 1194 1136 1264 regni
1175 1196 1512 1266 Hungariae,
1553 1195 1948 1266 Budapestini:
2012 1195 2079 1251 M.
2118 1194 2183 1250 Ο.
2222 1195 2284 1252 D.
2322 1195 2381 1250 L.
2418 1193 2648 1265 34245„
2707 1194 2844 1250 olim
2896 1194 3035 1250 Acta
3092 1199 3333 1250 monast.

773 1283 1128 1343 nemetensis
1166 1284 1299 1363 fasc.
1337 1286 1425 1341 111·
1465 1284 1567 1341 No.
1607 1284 1656 1341 1.
2348 1304 2351 1307 ’

1966 1604 2177 1676 272.

993 1824 1178 1885 Anno
1234 1823 1418 1886 1452.
1467 1823 1571 1886 21.
1621 1824 1783 1886 maii.
1831 1824 2204 1906 Zagrabiae.

771 2036 1177 2102 Fridericus
1221 2057 1445 2102 comes
1496 2037 1719 2102 ciliae
1763 2057 1845 2100 ac
1897 2034 2123 2101 banus
2170 2036 2592 2115 Sclavoniae,
2656 2036 2959 2120 capitulo
3013 2036 3333 2101 ecclesiae

773 2143 1288 2228 Zagrabiensis,
1313 2183 1316 2189 ·
1342 2146 1421 2209 ut
1467 2144 1854 2209 claustrum
1917 2144 2419 2209 heremitarum
2478 2142 2801 2208 ecclesiae
2846 2143 2928 2207 Β.
2984 2142 3080 2220 Μ,
3140 2142 3211 2207 V.
3256 2144 3339 2207 ‘de

773 2252 1253 2334 promontorio
1300 2250 1772 2335 Zagrabiensi,
1838 2251 1916 2316 in
1971 2252 2471 2335 possessionem
2541 2250 2961 2315 donatarum
3032 2249 3339 2315 duarum

1109 2359 1502 2423 sessionum
1549 2358 1629 2423 in
1677 2358 2053 2443 Kysmlaka
2101 2357 2586 2439 introduceret,
2625 2358 2985 2442 praecipit.

988 2575 1222 2636 Amicis
1271 2575 1400 2635 suis
1447 2575 1808 2635 reverendis
1857 2575 2126 2653 capitulo
2175 2574 2439 2634 ecclesie
2484 2573 2931 2654 Zagrabiensis
2979 2574 3329 2634 Fridericus

771 2682 873 2742 dei
919 2683 1136 2763 gracia
1205 2683 1380 2758 Cilie,
1452 2683 1875 2764 Ortemburge
1945 2682 2341 2763 Zagorieque
2410 2702 2623 2743 comes
2698 2690 2813 2742 etc.
2838 2698 2841 2703 ·
2863 2700 3105 2741 necnon
3155 2682 3333 2763 regni

767 2790 1099 2851 Sclauonie
1174 2792 1376 2851 banus
1447 2790 1793 2851 amiciciam
1861 2798 2149 2869 paratam
2222 2809 2363 2851 cum
2434 2790 2687 2850 honore.
2760 2789 2999 2849 Dicitur
3044 2789 3223 2850 nobis
3270 2789 3332 2849 in

770 2897 1055 2977 personis
1100 2898 1354 2961 claustri
1400 2898 1585 2957 beate
1641 2896 1841 2957 Marie
1904 2896 2164 2977 virginis
2226 2896 2290 2957 in
2351 2896 2775 2976 promontorio
2821 2905 3053 2957 vestro·
3092 2897 3329 2977 Zagra-

769 3005 968 3066 biensi
1015 3004 1354 3065 constructi
1403 3013 1464 3064 et
1507 3004 1765 3079 fundati,
1813 3023 2058 3064 necnon
2118 3004 2381 3064 fratrum
2445 3004 2889 3065 heremitarum
2948 3005 3218 3064 claustro
3266 3003 3327 3064 in

773 3113 998 3173 eodem
1032 3112 1151 3172 deo
1183 3111 1644 3185 famulancium,
1678 3112 1994 3190 quomodo
2028 3110 2145 3189 ipsi
2176 3110 2240 3171 in
2272 3110 2611 3171 dominium
2646 3112 3037 3190 quarundam
3068 3111 3330 3171 duarum

773 3219 1124 3280 sessionum
1171 3218 1658 3300 iobagionalium
1691 3218 1755 3280 in
1786 3218 2187 3298 possessione
2233 3217 2608 3295 Kysmlaka¹
2660 3227 2886 3279 vocata
2928 3217 3335 3279 existencium

773 3326 1143 3402 habitarum,
1206 3327 1378 3405 ipsos
1425 3326 1626 3386 omnis
1694 3325 1845 3385 iuris
1915 3326 2091 3385 titulo
2154 3325 2690 3399 concernencium‚
2752 3325 3054 3406 legittime
3110 3302 3339 3386 vellent

767 3432 1037 3510 introire,
1085 3453 1274 3513 super
1320 3452 1444 3512 quo
1490 3441 1766 3493 vestram
1815 3432 2159 3492 amiciciam
2220 3431 2617 3510 presentibus
2663 3432 2932 3511 petimus
2994 3432 3339 3513 diligentem

769 3548 1077 3621 quatenus
1128 3550 1406 3602 vestrum
1453 3539 1709 3600 mittatis
1754 3539 2072 3599 hominem
2158 3558 2272 3618 pro
2317 3538 2672 3599 testimonio
2742 3539 3147 3620 fidedignum,
3217 3559 3341 3619 quo

768 3655 1058 3728 presente
1106 3647 1403 3708 Clemens
1449 3666 1683 3726 parvus
1730 3647 1808 3707 de
1857 3647 2269 3724 Mykchowcz
2317 3647 2418 3706 vel
2464 3646 2773 3706 Martinus
2822 3644 2983 3707 filius
3030 3647 3200 3708 Petri
3259 3647 3339 3706 de

766 3755 1056 3832 Sythario
1107 3762 1217 3815 aut
1259 3756 1430 3815 Iwan
1478 3754 1640 3813 filius
1703 3753 1995 3835 Gregorii
2057 3752 2491 3813 Chernkowcz
2553 3752 2649 3813 sin
2696 3753 3010 3834 Georgius
3078 3754 3158 3814 de
3206 3754 3339 3813 Ma-

769 3882 975 3940 ryncz,
1041 3862 1176 3923 aliis
1224 3862 1585 3922 absentibus
1631 3861 1820 3921 homo
1867 3869 2095 3935 noster,
2164 3861 2245 3920 ad
2305 3860 2530 3921 faciem
2590 3867 2868 3938 pretacte
2927 3861 3342 3940 possessionis

767 3970 1114 4047 Kysmlaka
1159 3977 1400 4044 vocate,
1449 3976 1512 4029 et
1557 3987 2067 4048 perconsequens
2113 3968 2596 4047 prescriptamm
2664 3969 2928 4030 duarum
2992 3969 3343 4030 sessionum

765 4078 1251 4159 iobagionalium
1299 4077 1362 4137 in
1409 4078 1632 4139 eadem
1680 4076 2053 4152 habitarum,
2116 4075 2334 4137 vicinis
2392 4085 2487 4137 et·
2521 4074 2968 4138 commetaneis
3033 4080 3163 4139 suis
3208 4077 3341 4139 uni-

766 4185 966 4246 versis
1029 4185 1178 4246 inibi
1221 4185 1524 4266 legittime
1586 4183 1946 4245 convocatis
1994 4192 2059 4246 et
2102 4183 2495 4264 presentibus
2557 4186 2933 4261 accedendO,
2994 4176 3345 4247 introducat

765 4301 1149 4354 memoratos
1224 4295 1562 4354 claustrum
1637 4313 1712 4353 ac
1779 4292 2004 4353 fratres
2072 4292 2409 4353 heremitas
2469 4292 2532 4352 in
2578 4292 2921 4354 dominium
2984 4293 3343 4354 earundem’

763 4408 1122 4481 statuatque
1172 4401 1428 4462 easdem
1463 4400 1700 4461 eisdem
1745 4400 2053 4480 premisso
2091 4400 2265 4460 titulo
2309 4408 2615 4479 perpetuo
2649 4400 3081 4480 possidendas,
3130 4402 3182 4461 si
3216 4421 3341 4462 non

764 4510 948 4571 fuerit
1016 4509 1484 4584 contradictum,
1554 4510 2043 4570 contradictores
2104 4528 2255 4570 vero
2304 4509 2357 4569 si
2415 4509 2522 4588 qui
2584 4510 2826 4583 fuerint,
2892 4518 3115 4571 evocet
3172 4511 3343 4589 ipsos

760 4626 979 4680 contra
1025 4625 1353 4678 annotatos
1402 4626 1785 4697 exponentes
1818 4627 2097 4678 nostram
2143 4618 2206 4679 in
2251 4618 2660 4696 presenciam,
2708 4617 2771 4677 in
2840 4618 3057 4678 sedem
3102 4619 3340 4699 Zagra·

761 4723 1042 4787 biensem
1109 4727 1190 4787 ad
1249 4724 1580 4786 terminum
1629 4726 2104 4805 competentem,
2172 4724 2487 4786 racionem
2552 4724 3066 4786 contradiccionis
3129 4744 3343 4787 eorum

771 4834 1138 4907 redditurOS,
1207 4842 1271 4894 et
1315 4842 1458 4913 post
1503 4836 1621 4895 hec
1682 4835 1958 4913 ipsarum
2020 4834 2503 4895 introduccionis
2561 4841 2625 4894 et
2691 4832 3055 4894 statucionis
3118 4833 3343 4895 seriem

765 4960 908 5005 cum
969 4942 1493 5006 contradictorum
1553 4952 1614 5006 et
1683 4950 2105 5021 evocatorum,
2168 4942 2221 5003 si
2282 4941 2388 5026 qui
2444 4941 2685 5019 tuerint,
2756 4940 3221 5025 vicinorumque
3284 4948 3346 5005 et
