3917 5592
815 456 900 533 74

811 688 1136 767 presencia
1183 690 1515 765 constituti,
1563 690 1730 749 idem
1776 686 1991 767 Taysa
2037 684 2355 769 quandam
2387 682 2747 769 porcionem
2796 704 2975 753 suam
3023 683 3368 772 possessio-

813 796 1072 871 nariam,
1142 795 1458 857 sessiones
1506 798 1773 856 condam
1844 798 2001 874 Elye
2050 808 2340 858 vocatam
2387 798 2449 857 in
2495 798 2775 876 predicto
2846 798 3092 878 Campo
3139 801 3377 878 Zagra-

813 903 1016 963 biensi
1060 903 1338 963 habitam
1388 922 1500 963 seu
1548 904 1934 979 existentem,
2004 924 2147 964 cum
2193 904 2480 963 omnibus
2529 905 2657 963 suis
2724 905 3085 965 vtilitatibus
3133 914 3195 965 et
3240 924 3378 983 per-

815 1009 1100 1070 tinenciis
1172 1011 1452 1070 eiusdem
1512 1010 1836 1086 vniuersiS,
1907 1012 2144 1071 scilicet
2211 1013 2392 1071 terris
2455 1012 2808 1087 arabilibuS,
2878 1012 3119 1087 fenetiS,
3190 1012 3379 1086 silui8‚

819 1118 997 1196 aquis
1045 1124 1108 1177 et
1154 1118 1290 1177 aliis
1339 1118 1687 1189 attinenciis
1720 1118 1784 1177 in
1813 1120 2037 1189 eadem
2088 1118 2452 1194 constitutiS‚
2503 1138 2578 1178 ac
2605 1120 3005 1180 medietatem
3055 1120 3380 1179 cuiusdam

813 1225 1051 1304 piscine
1121 1226 1398 1285 Skerche
1447 1235 1804 1302 nuncupate
1875 1226 2081 1303 ipsum
2130 1226 2615 1305 contingentem,
2687 1244 2801 1285 suo
2858 1235 2919 1287 et
2981 1226 3127 1286 dicti
3174 1226 3380 1287 fratris

813 1334 912 1392 sui
957 1334 1208 1393 nomine
1275 1333 1427 1393 dixit
1474 1342 1536 1393 et
1583 1332 1906 1393 confessus
1974 1341 2070 1392 est
2114 1353 2256 1394 sese
2324 1334 2695 1412 supradictis
2742 1334 2883 1394 filiis
2950 1333 3205 1393 Chernk
3266 1352 3379 1411 pro

814 1442 1087 1519 quinque
1121 1440 1347 1500 marcis
1396 1441 1791 1500 denariorum
1823 1440 2149 1515 bonorum,
2198 1440 2465 1519 receptis
2507 1441 2586 1501 ab
2636 1441 2873 1501 eisdem
2904 1449 2969 1500 vt
3001 1441 3153 1500 dixit
3198 1442 3379 1519 plene

816 1557 878 1608 et
923 1548 1168 1622 habitis,
1241 1547 1617 1621 vendidisse,
1687 1548 2021 1607 tradidisse
2070 1556 2132 1608 et
2181 1548 2561 1628 assignasse,
2637 1567 2849 1625 ymmo
2920 1567 3132 1608 coram
3202 1548 3381 1607 nobis

813 1655 1108 1730 vendidit,
1177 1656 1432 1715 tradidit
1479 1663 1540 1715 et
1588 1655 1938 1735 assignauit
1983 1656 2119 1715 iure
2186 1664 2489 1733 perpetuo
2542 1663 2604 1715 et
2650 1655 3137 1715 irreuocabiliter
3182 1654 3379 1733 possi-

814 1764 1102 1838 dendam,
1175 1764 1514 1823 tenendam
1559 1763 1622 1821 in
1669 1762 1829 1823 filios
1875 1744 2143 1822 filiorum
2192 1771 2255 1822 et
2298 1764 2564 1823 heredes
2623 1763 2854 1840 pariter
2901 1771 2963 1822 et
3008 1762 3379 1842 habendam.

813 1872 882 1931 In
951 1870 1306 1930 huiusmodi
1378 1869 1745 1929 vendicione
1793 1877 1856 1928 et
1903 1869 2229 1947 empcione
2294 1870 2763 1947 possessionum
2834 1868 3381 1947 infrascriptarum,

813 1977 1048 2037 scilicet
1094 1976 1331 2055 prefate
1379 1976 1690 2055 porcionis
1736 1977 2101 2063 Elyateleke
2151 1996 2267 2036 nec
2314 1996 2441 2036 non
2485 1976 2854 2055 porcionum
2900 1975 3378 2054 possessionari·

815 2103 1010 2159 arum,
1057 2086 1224 2161 olym
1273 2104 1310 2143 a
1357 2084 1629 2143 Martino
1678 2083 1802 2143 filio
1851 2084 2127 2143 Ladislai
2173 2082 2282 2143 filii
2313 2084 2523 2142 Rados
2572 2102 2684 2161 per
2731 2083 3078 2161 predictum
3126 2081 3382 2161 Chernk

811 2201 1057 2270 patrem
1103 2192 1380 2270 ipsorum
1428 2199 1490 2251 et
1535 2192 1788 2251 demum
1820 2210 1932 2269 per
1980 2191 2239 2249 eosdem
2287 2191 2559 2267 Mykech
2595 2198 2659 2249 et
2689 2189 2843 2249 alios
2889 2189 3049 2249 filios
3095 2190 3381 2249 eiusdem

811 2298 1070 2359 Chernk
1119 2317 1158 2358 a
1203 2298 1388 2359 Mark
1457 2299 1581 2358 filio
1629 2298 1890 2376 predicti
1937 2297 2212 2357 Ladislai
2259 2298 2338 2357 de
2384 2296 2715 2373 Schytaria
2782 2295 2994 2374 precio
3052 2314 3374 2373 compara·

813 2414 1038 2481 tarum,
1086 2406 1412 2480 IohanneS,
1461 2406 1634 2465 Iwan
1665 2414 1727 2465 et
1755 2404 2071 2484 Georgius
2118 2404 2226 2463 filii
2258 2404 2517 2484 Georgii
2565 2422 2808 2464 necnon
2851 2403 3176 2462 Emericus
3220 2402 3385 2461 filius

818 2514 1038 2590 Gyurk
1086 2533 1297 2573 coram
1344 2514 1523 2575 nobis
1587 2513 2000 2592 personaliter
2047 2521 2343 2587 astanteS,
2414 2532 2809 2582 consensum,
2837 2511 3197 2571 beniuolum
3243 2529 3381 2588 pre·

811 2622 1082 2682 buerunt
1125 2620 1360 2700 pariter
1407 2630 1470 2681 et
1515 2639 1862 2696 assensum,
1931 2621 2109 2680 saluo
2157 2638 2405 2697 semper
2450 2620 2583 2679 iure
2646 2618 3061 2697 possessionis
3109 2617 3371 2677 ecclesie

811 2736 1024 2789 nostre
1079 2724 1422 2807 prenotate.
1516 2730 1586 2789 In
1635 2727 1811 2788 cuius
1858 2729 1948 2787 rei
1998 2728 2366 2789 memoriam
2434 2734 2927 2805 perpetuamque
2996 2726 3369 2799 firmitatem,

813 2843 1136 2914 presentes
1184 2836 1421 2896 litteras
1469 2844 1717 2895 nostras
1787 2836 2117 2913 pendentis
2164 2835 2349 2915 sigilli
2396 2833 2590 2893 nostri
2658 2833 2995 2893 munimine
3044 2834 3369 2893 roboratas

812 2944 1100 3027 duximus
1147 2944 1602 3003 concedendas
1651 2943 1882 3017 Datum
1931 2943 2197 3002 sabbato
2244 2942 2524 3020 proximo
2566 2949 2710 3001 ante
2756 2941 2983 3001 festum
3030 2940 3369 3000 natiuitatis

808 3051 976 3109 beati
1023 3050 1312 3109 Iohannis
1359 3050 1646 3127 baptiste,
1710 3068 1876 3109 anno
1923 3050 2156 3109 domini
2204 3045 2543 3108 M⁰.CCC⁰.
2592 3044 3004 3128 sexagesimo

1020 3171 1303 3241 Originale
1364 3173 1791 3226 membraneum
1883 3172 2137 3241 Sigillum
2198 3176 2252 3225 et
2316 3188 2460 3225 zona
2519 3171 2701 3239 periit.
2776 3172 2837 3227 In
2896 3170 3129 3223 archivo
3198 3169 3351 3223 nobil

805 3278 1086 3318 commun.
1126 3262 1195 3315 de
1234 3261 1564 3330 Turopolje.
2169 3255 2176 3263 '
2390 3266 2395 3271 ·
3231 3263 3238 3270 -

2023 3546 2166 3615 74.

1025 3750 1208 3808 Anno
1267 3745 1448 3807 1360.
1507 3746 1600 3807 12.
1649 3747 1936 3806 octobris
1993 3746 2365 3825 Zagrabiae.

817 3942 1068 4007 Coram
1139 3940 1553 4005 Leustachio
1626 3939 2041 4005 Sclavoniae
2088 3938 2281 4015 bano,
2356 3938 2749 4023 Stephanus
2806 3937 3017 4022 filius
3064 3938 3375 4013 Luca-sii,

806 4050 1311 4132 possessionem
1375 4068 1578 4111 suam
1651 4046 2043 4125 Mrasouch,
2116 4046 2444 4110 Parca-sio
2508 4046 2669 4129 filio
2734 4045 3075 4117 Ladislai,
3152 4044 3375 4108 decem

1780 4154 2085 4238 florenis
2129 4153 2385 4222 vendit.

1027 4354 1158 4414 Nos
1206 4353 1618 4413 Leustachius
1667 4352 1847 4433 regni
1877 4353 2210 4413 Sclauonie
2259 4352 2461 4411 banus
2496 4352 2795 4411 memorie
2844 4352 3375 4425 commendamuS,

811 4464 980 4541 quod
1025 4460 1328 4542 magister
1373 4461 1730 4538 Stephanus
1777 4460 1938 4520 filius
1986 4459 2243 4519 Lukasii
2284 4477 2497 4519 coram
2544 4459 2726 4518 nobis
2774 4458 3184 4536 personaliter
3230 4477 3373 4517 con-

781 4571 1076 4643 ·stitutuS,
1130 4570 1446 4646 quandam
1492 4568 1854 4646 porcionem
1900 4586 2079 4626 suam
2150 4568 2491 4626 Mrasouch
2538 4573 2830 4626 vocatam
2901 4567 3061 4625 vltra
3114 4565 3373 4625 fluuium

808 4679 999 4737 Zawe
1048 4677 1207 4736 inter
1253 4676 1430 4735 villas
1500 4674 1676 4734 Odra
1723 4681 1785 4734 et
1832 4673 2014 4735 Cheh
2081 4682 2473 4752 nuncupatas
2521 4673 2817 4749 habitam,
2887 4672 3190 4733 Farkasio
3249 4673 3374 4733 filio

808 4784 1081 4845 Ladislai
1129 4782 1406 4842 similiter
1453 4802 1666 4842 coram
1714 4782 1893 4842 nobis
1940 4781 2351 4859 personaliter
2401 4781 2647 4854 astanti,
2696 4800 2808 4859 pro
2858 4782 3077 4841 decem
3124 4780 3375 4839 florenis

809 4894 990 4972 plene
1041 4892 1156 4953 ab'
1191 4892 1417 4954 eodem
1463 4899 1531 4948 vt
1576 4889 1729 4949 dixit
1774 4890 2060 4967 receptiS,
2132 4908 2329 4968 vsque
2378 4908 2501 4969 quo
2573 4889 2803 4949 eadem·
2841 4908 2954 4966 per
3023 4888 3227 4966 ipsum
3268 4887 3377 4947 vel

810 5002 941 5061 eius
1011 5000 1274 5059 heredes
1341 5008 1446 5057 aut
1503 5012 1918 5071 successoreS,
1974 4998 2199 5075 quibus
2248 4998 2550 5075 congruit,
2622 5017 2734 5073 pro
2784 4997 3008 5055 eadem
3078 5014 3366 5073 sumpma
