3917 5592
776 425 908 486 414

992 855 1177 917 Anno
1235 854 1418 916 1461.
1469 856 1526 915 7.
1575 856 1940 917 decembris,
1988 857 2360 937 Zagrabiae.

783 1068 1034 1134 Coram
1083 1067 1296 1133 Ianko
1343 1067 1425 1131 de
1473 1066 1899 1151 Mycckowch
1945 1068 2193 1133 comite
2250 1067 2500 1153 Campi
2546 1070 3043 1155 Zagrabiensis
3087 1093 3169 1135 ac
3224 1072 3346 1137 Ge-

780 1177 980 1261 orgio
1011 1173 1400 1258 Ztanchycle
1436 1175 1518 1239 de
1551 1174 1788 1258 Super.
1821 1175 2225 1254 Lukawech,
2257 1178 2505 1241 comite
2536 1180 2697 1241 terr.
2732 1178 3040 1243 eiusdem
3079 1178 3345 1263 Campi,

777 1284 998 1348 Elena
1035 1283 1202 1368 filia
1251 1282 1526 1347 Wenecz
1572 1282 1654 1347 de
1699 1281 1914 1368 Inser.
1966 1283 2424 1368 Lompnycza‚
2471 1284 2650 1349 duas
2696 1288 2919 1349 terras
2948 1285 3345 1370 quindecim

975 1390 1282 1477 flore-nis
1326 1390 1604 1476 utrique
1665 1390 2047 1470 ValentinO,
2101 1392 2461 1475 nepotibus
2508 1388 2804 1471 Swazth,
2854 1371 3105 1459 oevuiit.

989 1611 1122 1670 Nos
1152 1611 1346 1671 Ianko
1380 1609 1457 1669 de
1482 1604 1926 1685 Mycckowch¹
1957 1628 2169 1670 comes
2198 1609 2425 1689 Campi
2448 1611 2893 1691 Zagrabiensis
2921 1632 2995 1672 ac
3020 1613 3335 1694 Georgius

779 1718 938 1779 filius
1009 1718 1275 1778 condam
1345 1716 1669 1777 Benedicti
1737 1716 2101 1793 Ztanchych
2170 1717 2249 1777 de
2317 1716 2635 1796 Superiori
2705 1718 3065 1779 Lukawech
3128 1739 3341 1780 comes

777 1825 1086 1886 terrestris
1134 1825 1415 1885 eiusdem
1462 1823 1690 1902 Campi
1735 1823 2036 1884 memorie
2084 1824 2594 1885 commendamus
2635 1844 2749 1904 per
2780 1834 3123 1903 presenteS,
3170 1828 3340 1906 quod

776 1933 998 1993 nobilis
1061 1932 1314 1993 domina
1381 1932 1582 1992 Elena
1643 1938 1887 2005 vocata,
1951 1931 2077 1991 filia
2143 1932 2410 1991 condam
2455 1932 2735 1993 Wenecz
2796 1932 2905 1993 fflii
2967 1934 3209 1993 Petrws
3257 1935 3335 1994 de

776 2040 1054 2101 Inferiori
1102 2032 1590 2119 Lomppnycza²,
1639 2058 1713 2099 ac
1770 2038 2074 2099 heredum
2106 2059 2362 2099 suorum
2407 2039 2710 2119 personiS,
2759 2041 2842 2100 ad
2872 2049 3151 2100 nostram
3197 2060 3335 2120 per-

775 2148 1069 2209 sonaliter
1115 2148 1429 2208 veniendo
1474 2146 1884 2227 presenciam,
1933 2147 2088 2208 dixit
2133 2156 2196 2208 et
2242 2147 2531 2208 confessa
2577 2147 2777 2208 extitit
2821 2149 2968 2211 viva
3015 2168 3170 2209 voce
3219 2170 3338 2209 sua

776 2257 838 2317 in
901 2258 1068 2316 hunc
1127 2256 1400 2330 modum,
1471 2256 1784 2335 quomodo
1847 2255 1988 2334 ipsa
2046 2275 2161 2336 pro
2223 2254 2597 2334 quibusdam
2666 2255 3142 2318 necessitatibus
3190 2257 3338 2332 suiS,

773 2365 982 2445 ipsam
1015 2364 1098 2424 ad
1127 2382 1388 2443 presens
1417 2362 1784 2442 urgentibus
1815 2361 2141 2436 evitandiS,
2188 2362 2496 2442 quasdam
2529 2362 2687 2422 duas
2717 2370 2919 2424 terras
2960 2363 3339 2424 sessionales

776 2481 840 2534 et
905 2479 1307 2551 campestreS,
1365 2472 1630 2549 primam
1691 2478 1940 2546 terram,
2011 2469 2246 2531 scilicet
2315 2469 2724 2531 sessionalem
2786 2490 2984 2546 suam,
3047 2470 3336 2532 videlicet

775 2580 1266 2660 quartalicialem
1310 2578 1374 2638 in
1420 2578 1700 2657 predicta
1745 2576 2024 2638 Interiori
2070 2579 2516 2657 Lomppnycza
2564 2585 2627 2638 et
2671 2577 2806 2639 eius
2872 2578 3178 2639 territorio
3224 2580 3334 2639 ha-

775 2688 986 2762 bitam,
1035 2687 1196 2747 inter
1242 2694 1305 2747 et
1351 2706 1534 2747 secus
1583 2686 1749 2746 viam
1795 2686 2111 2764 publicam
2156 2705 2288 2746 sew
2335 2694 2590 2765 puteum
2641 2686 2719 2746 ab
2753 2686 3052 2761 orientali,
3086 2693 3149 2747 et
3178 2686 3338 2747 inter

773 2795 1033 2855 fluvium
1079 2787 1812 2873 Lomppnyczavocata³
1859 2813 1898 2853 a
1943 2793 2347 2869 meridionali,
2381 2802 2443 2854 et
2474 2793 2634 2855 inter
2663 2793 3096 2873 possessiones
3144 2796 3335 2854 Wra-

747 2922 950 2984 gova
996 2903 1198 2962 zemla
1245 2902 1563 2981 wlgariter
1610 2896 1804 2961 dicta‘¹
1853 2901 1930 2961 ab
1980 2901 2365 2976 occidentali,
2414 2910 2477 2963 et
2521 2902 2681 2963 inter
2721 2902 2889 2963 viam
2937 2903 3123 2963 aliam
3169 2921 3336 2963 com-

775 3030 1028 3071 munem
1059 3029 1097 3070 a
1129 3008 1572 3087 septemtrione
1618 3008 1913 3083 habitam,
1955 3016 2198 3087 septem
2229 3007 2648 3070 dimensiones
2683 3010 2851 3091 wlgo
2891 3010 3102 3087 methy
3138 3009 3336 3070 dictas

774 3120 837 3179 in
899 3138 970 3179 se
1040 3112 1428 3191 continens⁵;
1492 3116 1835 3176 secundam
1909 3123 2142 3176 terram
2213 3115 2511 3176 arabilem
2582 3136 2715 3177 sew
2788 3126 3203 3195 campestrem
3272 3116 3335 3177 in

775 3229 999 3287 eadem
1068 3227 1528 3303 Lomppnycza,
1600 3222 1876 3283 similiter
1938 3224 2429 3303 quartalicialem
2490 3224 2730 3303 prefate
2800 3224 3050 3284 domine
3122 3224 3334 3299 Elene,

774 3336 933 3394 inter
984 3332 1150 3393 viam
1214 3340 1624 3392 communem'
1657 3331 1735 3391 ab
1785 3330 2085 3406 orientali,
2134 3339 2197 3391 et
2264 3332 2423 3392 inter
2470 3332 2691 3391 silvam
2760 3350 3155 3397 communem
3216 3333 3338 3390 Lu·
3398 3364 3407 3375 ·

774 3442 923 3502 sech
1004 3434 1328 3500 vocatum⁶
1392 3458 1430 3498 a
1498 3438 1903 3514 meridionali,
1982 3447 2044 3499 et
2112 3440 2272 3500 inter
2344 3440 2601 3500 easdem
2668 3438 3101 3517 possessiones
3184 3440 3336 3499 Wa-

779 3550 1086 3631 gowzcha
1161 3548 1362 3609 zemla
1439 3540 1830 3626 nuncupata⁷
1906 3548 1985 3607 ab
2068 3548 2451 3622 occidentali,
2530 3554 2593 3608 et
2667 3547 2827 3607 inter
2903 3546 3338 3625 possessiones

778 3656 1003 3736 prefati
1075 3656 1388 3735 Chankgo
1455 3656 1533 3714 ab
1597 3654 1852 3714 australi
1899 3654 2101 3730 sitam,
2162 3654 2442 3715 habitam
2489 3662 2552 3714 et
2598 3654 2987 3727 existentem,
3057 3662 3199 3714 octo
3247 3654 3336 3714 di-

778 3766 1134 3825 mensiones
1206 3764 1374 3842 wlgo
1446 3763 1658 3839 methy
1743 3762 1942 3822 dictas
2017 3762 2080 3821 in
2161 3782 2229 3822 se
2310 3761 2746 3837 continentem,
2816 3762 3018 3841 ipsam
3103 3761 3339 3822 scilicet

779 3872 1096 3932 dominam
1160 3872 1423 3931 Elenam
1478 3869 1610 3930 iure
1657 3869 2021 3948 quartalicio
2069 3878 2131 3930 et
2175 3869 2537 3930 litteratorie
2600 3876 3096 3943 concernentem,
3154 3869 3336 3929 simul

780 4000 922 4040 curn
969 3978 1256 4041 omnibus
1319 3977 1661 4037 earundem
1724 3977 1988 4037 duarum
2050 3986 2358 4037 terrarum
2419 3976 2853 4037 sessionalium
2902 3984 2963 4037 et
3010 3976 3335 4037 arabilium

780 4086 1160 4162 utilitatibus,
1228 4084 1460 4159 usibus,
1530 4085 1952 4163 proventibuS,
2024 4083 2553 4161 fructuositatibus
2616 4091 2679 4143 et
2739 4083 3134 4162 pertinenciis
3203 4084 3337 4143 uni-

778 4196 995 4269 versiS,
1062 4194 1142 4254 ad
1204 4187 1501 4253 eandem⁸
1562 4200 1847 4271 spectare
1910 4212 1979 4253 er
2025 4193 2334 4271 pertinere
2381 4192 2767 4266 debentibus,
2822 4211 2935 4270 pro
2982 4192 3337 4271 quindecim

776 4302 1028 4363 florenis
1077 4301 1211 4365 auri
1259 4309 1321 4360 et
1364 4300 1508 4360 iusti
1555 4299 1849 4379 ponderis
1893 4300 2060 4375 boni,
2084 4300 2415 4361 Valentino
2461 4300 2588 4360 filio
2621 4298 2880 4379 Georgii
2926 4298 3034 4359 filii
3078 4300 3335 4358 Swazth

781 4412 858 4471 de
926 4410 1148 4469 eadem
1211 4408 1489 4469 Inferiori
1549 4409 2011 4487 Lomppnycza,
2078 4416 2141 4468 et
2203 4408 2399 4467 altero
2444 4407 2775 4468 Valentino
2838 4406 2961 4466 filio
3009 4406 3178 4466 Petri
3230 4405 3340 4465 filii

777 4518 1000 4597 prefati
1033 4516 1292 4597 Georgii
1337 4517 1598 4576 Zwaztli
1644 4517 1722 4576 de
1772 4516 1996 4576 eadem
2028 4516 2490 4594 Lomppnycza,
2537 4514 2937 4593 ipsorumque
2983 4513 3337 4586 heredibuS,

779 4625 858 4686 ab
930 4624 1184 4698 eisdem,
1233 4622 1468 4683 scilicet
1535 4643 1658 4683 uno
1729 4630 1792 4684 et
1861 4624 2056 4683 altero
2102 4622 2451 4695 ValentinO,
2516 4639 2631 4699 per
2690 4619 3034 4699 predictam
3104 4619 3340 4679 scilicet

779 4731 1096 4793 dominam
1157 4731 1438 4805 Elenam,
1500 4730 1588 4791 uti
1633 4730 1800 4791 idem
1861 4730 2043 4790 nobis
2106 4728 2327 4803 retulit,
2390 4728 2515 4788 iam
2578 4729 2761 4806 plene
2823 4725 3048 4785 habitis
3111 4733 3175 4785 et
3240 4744 3335 4785 re-

779 4838 974 4917 ceptis
1046 4838 1445 4913 vendidisset,
1514 4838 1872 4899 tradidisset
1935 4848 1999 4898 et
2068 4837 2473 4917 assignasset,
2524 4855 2735 4913 ymmo
2800 4833 3093 4909 vendidit,
3148 4834 3336 4894 tradi-

778 4944 867 5006 dit
902 4954 965 5006 et
1012 4945 1358 5027 assignavit
1403 4964 1616 5007 coram
1661 4946 1841 5007 nobis
1886 4946 2023 5005 iure
2068 4952 2371 5025 perpetuo
2414 4950 2477 5003 et
2527 4942 3011 5005 irrevocabiliter
3058 4960 3133 5003 ac
3179 4940 3328 5004 irre-
