3917 5592
741 436 872 496 422

745 648 1014 709 confessi
1065 659 1211 709 sunt
1255 659 1479 729 sponte
1525 650 1585 710 in
1633 650 1801 710 hunc
1847 651 2121 725 modum,
2144 658 2236 709 ·ut
2282 649 2398 728 ipsi
2446 668 2560 729 pro
2612 650 2986 729 quibusdam
3028 649 3300 710 necessi·

735 755 967 816 tatibus
1000 755 1276 834 ipsorum
1302 756 1474 834 ipsos
1508 757 1588 816 ad
1619 776 1881 835 presens
1913 756 2282 835 urgentibus
2315 756 2639 831 evitandiS,
2694 756 3013 835 quandam
3043 756 3294 816 vineam

733 863 1010 942 ipsorum
1055 863 1119 924 in
1165 866 1563 943 possessione
1611 866 2087 940 Kostanewecz,
2133 884 2329 944 penes
2377 864 2627 925 vineam
2674 865 3013 925 montalem
3059 862 3297 924 Vrbani

735 969 1129 1048 Ztrinchych,
1196 980 1259 1031 et
1317 971 1477 1032 inter
1523 972 1773 1032 vineam
1835 972 2138 1051 Stephani
2185 980 2248 1032 et
2293 971 2605 1032 Valentini
2666 971 2932 1032 filiorum
2978 971 3297 1031 Wrbanaz

737 1077 817 1137 de
865 1078 1090 1138 eadem
1135 1080 1583 1157 Lomppnycza
1628 1077 1904 1139 habitam
1955 1089 2018 1139 et
2064 1078 2449 1153 existentem,
2497 1086 2626 1138 tres
2674 1077 3098 1139 dimensiones
3124 1078 3296 1159 wlgo

735 1186 951 1263 methy
996 1185 1059 1245 in
1107 1206 1176 1246 se
1224 1187 1661 1261 continentem,
1723 1187 1894 1265 ipsos
1940 1187 2231 1248 videlicet
2290 1186 2609 1247 dominam
2669 1186 2944 1247 Kussam
3005 1193 3068 1246 et
3112 1184 3295 1245 Eme-

737 1293 934 1353 ricum
966 1292 1101 1354 iure
1131 1288 1525 1355 litteratorie²
1563 1294 1738 1356 titulo
1772 1303 2269 1367 concementem,
2303 1294 2485 1355 simul
2517 1314 2659 1355 cum
2691 1294 2980 1355 omnibus
3012 1292 3296 1355 eiusdem

729 1398 914 1459 vinee
960 1400 1238 1479 ipsorum
1285 1400 1666 1477 utilitatibus,
1710 1402 1966 1476 iuribus,
2013 1402 2436 1481 proventibus,
2482 1400 3017 1462 fructuositatibus
3066 1407 3130 1461 et
3157 1418 3294 1478 per-

729 1507 1012 1567 tinenciis
1062 1507 1385 1583 universiS,
1450 1509 1755 1587 simulque
1803 1506 2044 1570 censis³
2092 1529 2205 1570 seu
2264 1508 2671 1588 proventibus
2738 1516 2800 1569 et
2861 1506 3293 1568 emolumentis

731 1612 928 1693 ipsius
974 1614 1155 1676 vinee
1200 1635 1315 1695 pro
1361 1616 1494 1677 iure
1541 1616 1969 1695 spectantibus
2018 1626 2080 1677 et
2125 1616 2577 1696 pertinentibus
2614 1616 3129 1695 debentibusque,
3179 1633 3293 1693 pro

734 1722 1065 1783 duodecim
1110 1723 1362 1783 florenis
1411 1724 1545 1784 auri
1592 1724 1754 1799 boni,
1803 1725 1948 1784 iusti
1980 1724 2291 1803 ponderiS,
2338 1724 2549 1785 Blasio
2582 1722 3025 1805 cognominato
3070 1722 3295 1802 Pogle-

733 1830 910 1905 dech,
957 1830 1274 1910 ipsiusque
1321 1832 1656 1893 heredibus
1703 1840 1767 1892 et
1810 1832 2294 1911 posteritatibuS,
2344 1833 2421 1893 ab
2471 1833 2695 1893 eodem
2740 1831 2951 1892 Blasio
2996 1850 3111 1910 per
3155 1847 3293 1908 pre-

732 1936 948 2012 dictos,
995 1937 1285 1998 videlicet
1342 1938 1660 1999 dominam
1727 1939 2022 2000 Kwssam
2090 1948 2153 1999 et
2210 1939 2584 2013 Emericum,
2654 1940 2837 2018 plene
2884 1946 2952 1998 ut
3004 1937 3293 1997 dixerunt

729 2043 958 2104 habitis
1006 2053 1068 2105 et
1113 2044 1397 2125 receptis,
1445 2044 1888 2121 vendidissent,
1935 2046 2338 2107 tradidissent
2384 2054 2447 2105 et
2493 2046 2943 2127 assignassent,
2974 2062 3189 2122 ymmo
3214 2062 3305 2119 ex,

735 2170 1047 2211 consensu
1081 2161 1143 2212 et
1175 2152 1554 2213 admissione
1599 2153 1769 2214 Petri
1801 2153 2143 2229 Kuzchych
2177 2154 2254 2214 de
2285 2154 2505 2214 eadem
2540 2154 3002 2232 Lomppnycza,
3034 2149 3294 2231 Georgii

731 2259 839 2321 filii
870 2260 1182 2332 Valentini
1215 2261 1293 2321 de
1327 2262 1568 2333 eadem,
1601 2260 1766 2321 Galli
1795 2261 1902 2321 filii
1934 2261 2178 2322 Thome
2211 2262 2288 2322 de
2321 2260 2698 2335 Lukawech,
2725 2258 2984 2339 Georgii
3018 2265 3079 2319 et
3102 2256 3298 2319 Blasii

735 2366 1000 2429 filiorum
1045 2366 1215 2428 Petri
1263 2366 1637 2444 Fabianycz,
1685 2368 1928 2427 Thome
1989 2368 2271 2428 Lectoris
2333 2375 2396 2428 et
2443 2365 2785 2427 Katherine
2830 2365 2975 2441 filye
3024 2365 3288 2425 condam

733 2474 1035 2554 Stephani
1067 2473 1363 2549 LectoriS,
1411 2476 1604 2535 Elene
1638 2474 1942 2535 consortis
1978 2476 2245 2536 condam
2275 2475 2587 2535 Valentini
2618 2472 2959 2550 Surchych,
3006 2472 3293 2545 Emerici,

728 2582 1044 2643 Valentini
1071 2590 1133 2642 et
1162 2582 1405 2642 Thome
1433 2582 1701 2643 filiorum
1733 2583 2041 2659 Hernycz‚
2082 2582 2277 2643 Iwani
2311 2590 2373 2642 et
2402 2581 2582 2643 Pauli
2611 2582 2717 2641 filii
2746 2580 3121 2655 Sebastiani,
3169 2582 3293 2641 Va-

729 2688 942 2750 lentini
975 2697 1038 2749 et
1067 2689 1370 2768 Stephani
1400 2689 1665 2750 filiorum
1693 2689 2070 2765 Wrbanacz,
2101 2689 2268 2750 Petri
2312 2689 2419 2749 filii
2451 2690 2785 2767 Mayehen,
2818 2688 3140 2748 Benedicti
3188 2688 3293 2747 filii

729 2796 1048 2876 Stephani,
1081 2794 1251 2857 Petri
1283 2796 1387 2857 filii
1418 2795 1732 2856 Valentini
1763 2796 1910 2857 dicti
1939 2797 2226 2874 Satrych,
2260 2796 2537 2873 Mathey,
2570 2795 2765 2869 Pauli,
2798 2794 3106 2874 Gregorii,
3159 2795 3294 2853 Ien-

729 2904 910 2964 konis
941 2903 1209 2964 filiorum
1240 2903 1460 2983 prefati
1501 2903 1784 2980 Satrych,
1823 2903 2091 2983 Philippi
2131 2911 2193 2963 et
2230 2902 2520 2983 Gregorii
2558 2902 2823 2961 filiorum
2856 2901 3047 2961 Blasii
3080 2902 3296 2978 Maye-

729 3012 871 3087 hen,
918 3011 1232 3072 Valentini
1279 3010 1386 3071 filii
1431 3011 1703 3084 Swazth,
1737 3018 1801 3070 et
1832 3010 2085 3071 alterius
2124 3009 2435 3083 Valentini
2480 3008 2585 3068 filii
2631 3008 2799 3068 Petri
2833 3007 2977 3068 dicti
3024 3007 3296 3081 Swazth,

733 3119 1025 3200 Gregorii
1071 3118 1178 3179 filii
1224 3118 1544 3197 Stephani,
1591 3116 1760 3178 Petri
1793 3117 1900 3177 filii
1946 3116 2162 3195 Kyrin,
2210 3117 2473 3193 Mathey
2504 3116 2802 3193 Pethych,
2848 3114 3139 3175 Iohannis
3189 3114 3297 3174 filii

729 3227 989 3301 Nicolai,
1035 3226 1290 3288 Martini
1339 3234 1402 3287 et
1445 3224 1748 3305 Stephani
1780 3226 2047 3286 filiorum
2078 3224 2408 3298 Valentini,
2440 3224 2636 3295 Pauli,
2677 3222 2975 3283 Petkonis
3022 3222 3297 3282 filiorum

729 3332 989 3409 Nicolai,
1037 3334 1313 3411 Mathey,
1387 3332 1646 3407 Nicolai,
1693 3332 1873 3392 Pauli
1918 3340 1982 3392 et
2029 3330 2287 3408 Mathey
2350 3331 2615 3391 filiorum
2677 3329 2897 3407 Kyrini
2945 3329 3023 3388 de
3070 3329 3289 3402 EbreS,

730 3440 923 3501 Blasii
968 3440 1076 3502 filii
1121 3440 1345 3519 prefati
1390 3440 1558 3500 Petri
1604 3440 1888 3517 Satrych,
1953 3448 2018 3499 et
2078 3438 2340 3499 aliorum
2388 3438 2857 3515 vicinorumque
2906 3444 2968 3496 et
3014 3453 3286 3496 comme-

730 3556 1074 3623 taneorum,
1122 3546 1428 3627 simulque
1474 3566 1588 3625 per
1633 3546 2034 3627 iobagionem
2096 3553 2377 3606 nostrum
2444 3544 2831 3624 fidedignum
2895 3563 3039 3604 curn
3087 3542 3293 3623 sig-illo

730 3663 943 3716 nostro
991 3653 1328 3728 ammoniti,
1375 3654 1665 3715 videlicet
1709 3673 1823 3733 per
1852 3652 2198 3733 Georgium
2244 3651 2627 3729 Gurdenych
2672 3652 2905 3730 dictum
2956 3651 3035 3711 de
3065 3650 3290 3710 eadem

729 3759 1189 3841 Lomppnycza,
1235 3761 1667 3833 vendiderunt,
1729 3760 2119 3821 tradiderunt
2165 3768 2228 3819 et
2274 3758 2759 3839 assignaverunt
2805 3757 2938 3817 iure
2984 3764 3289 3835 perpetuo

727 3878 789 3930 et
857 3868 1342 3930 irrevocabiliter
1387 3868 1852 3947 possidendam,
1933 3868 2397 3946 tenendamque
2470 3865 2700 3944 pariter
2770 3873 2832 3925 et
2895 3864 3288 3938 habendam3

729 3984 1229 4056 assumpmentes
1276 3974 1710 4036 nichilominus
1741 3976 1985 4055 prefata
2018 3974 2270 4036 domina
2317 3975 2548 4034 Kwssa
2594 3982 2657 4033 et
2702 3972 3026 4033 Emericus
3058 3972 3123 4032 in
3149 3990 3286 4050 per-

721 4086 891 4146 sonis
938 4103 1203 4165 quorum
1249 4102 1440 4163 supra
1495 4083 1868 4159 nominibus,
1933 4082 1997 4142 in
2042 4082 2227 4161 pleno
2292 4090 2356 4143 et
2402 4081 2465 4141 in
2510 4081 2773 4159 pacifico
2822 4079 3096 4141 dominio
3144 4098 3284 4157 pre-

721 4194 949 4273 scripte
996 4192 1196 4266 vinee,
1245 4198 1610 4251 annotatum
1657 4190 1934 4252 Blasium
1984 4198 2047 4250 et
2093 4208 2241 4251 suos
2288 4189 2554 4250 heredes
2602 4196 2820 4249 contra
2851 4187 3107 4267 quosvis
3157 4187 3282 4247 ille-

719 4302 972 4382 gitimos
1039 4298 1422 4379 impetitores
1501 4298 1678 4372 tueri,
1752 4305 2087 4377 protegere
2152 4304 2216 4357 et
2279 4294 2617 4355 defendere
2695 4294 2961 4373 propriis
3029 4311 3287 4353 suorum

727 4408 1094 4488 sumptibus,
1142 4406 1458 4468 laboribus
1505 4414 1569 4465 et
1613 4405 1920 4484 expensis
1970 4404 2041 4464 In
2087 4403 2221 4464 cuis
2268 4422 2379 4480 rey
2426 4401 2793 4463 memoriam
2842 4396 3082 4481 adque*
3111 4398 3282 4460 testi-

719 4516 996 4577 monium
1041 4513 1521 4592 firmitatemque
1568 4520 1954 4591 perpetuam,
2017 4509 2410 4589 presentibus
2457 4508 2664 4588 sigilla
2718 4516 2933 4568 nostra
2981 4508 3059 4567 de
3106 4524 3280 4566 more

722 4644 762 4687 a
806 4632 989 4704 tergo
1057 4622 1346 4682 duximus
1409 4621 1840 4699 appendenda.
1903 4620 2133 4678 Datum
2200 4618 2552 4697 Zagrabye,
2599 4616 2755 4676 teria
2803 4615 3079 4677 secunda
3124 4614 3283 4673 infra

718 4740 978 4793 octavas
1035 4728 1515 4791 resurreccionis
1562 4727 1811 4801 domini,
1883 4745 2047 4787 anno
2095 4724 2327 4785 domini
2396 4723 2756 4784 millessimo
2764 4718 2809 4798 ⁶,
2861 4721 3279 4802 quadringen-

717 4832 1010 4899 tessimo⁶
1053 4832 1516 4917 sexagessirno²
1564 4834 1775 4897 tercio·
