3917 5592
3016 460 3147 533 357

593 674 792 745 eciam
841 674 974 763 ipse
1022 676 1191 745 solus
1233 674 1548 745 homicida
1579 704 1648 746 se
1682 674 1761 746 ab
1795 676 2173 747 adversariis
2207 679 2394 746 debet
2426 685 2754 761 custodire,
2803 686 2907 746 alii
2937 694 3146 747 autem

591 810 810 852 omnes
856 792 1116 870 predicti
1166 792 1244 853 ab
1293 792 1445 871 ipsis
1493 792 1870 853 adversariis
1903 792 2050 854 dicti
2096 792 2406 854 homicide
2453 793 2577 853 sint
2606 792 2783 853 liberi
2815 801 2878 853 et
2908 794 3144 867 securi;

589 900 737 961 item
785 900 984 960 eciam
1031 901 1233 960 nullus
1279 900 1556 978 ipsorum
1605 900 1864 974 Thome,
1911 900 2080 960 Petri
2125 900 2390 980 Philippi
2461 909 2523 961 et
2570 901 2769 961 Marci
2817 920 2891 961 ac
2936 902 3142 983 Egidii

591 1007 900 1069 carnificis
934 1016 997 1068 et
1028 1007 1350 1068 Benedicti
1381 1007 1720 1086 Krwpych,
1753 1026 1828 1067 ac
1859 1006 2139 1086 ipsorum
2184 1008 2451 1069 filiorum
2486 1017 2548 1069 et
2576 1010 2877 1070 heredum
2912 1029 3145 1084 eorum,

586 1114 988 1196 iobagionem
1023 1123 1086 1175 et
1116 1114 1483 1176 servitorem
1516 1115 2067 1176 convencionalem
2101 1116 2352 1176 alterius
2384 1114 2679 1194 ipsorum,
2714 1117 2952 1195 absque
2986 1117 3142 1177 scitu

588 1230 651 1283 et
695 1224 1015 1282 voluntate
1062 1222 1258 1301 ipsius
1305 1222 1480 1281 cuius
1528 1221 1729 1297 fuerit,
1780 1222 1861 1282 ad
1908 1240 1978 1282 se
2026 1222 2303 1302 recipere
2353 1229 2415 1283 et
2459 1224 2989 1284 transsessionare
3036 1225 3143 1285 de-

584 1331 732 1391 beat
778 1330 966 1390 modo
1015 1328 1280 1410 aliquali,
1329 1330 1474 1389 dum
1525 1336 1736 1389 autem
1785 1328 2007 1408 aliquis
2053 1329 2331 1409 ipsorum
2379 1330 2462 1390 ad
2508 1349 2575 1389 se
2624 1330 2896 1409 aliquem
2940 1339 3142 1392 extra-

584 1458 771 1499 neum
819 1438 1218 1520 iobagionem
1265 1438 1796 1499 transsessionare
1844 1438 2110 1498 voluerit
2156 1452 2269 1499 seu
2309 1438 2948 1515 transsessionaverit,
2995 1448 3144 1501 tunc

585 1546 687 1605 alii
732 1564 951 1605 omnes
1016 1544 1276 1624 predicti
1323 1546 1514 1605 talem
1576 1544 1981 1625 iobagionem
2041 1546 2556 1607 transsessionari
2619 1547 2919 1607 adiuvare
2967 1555 3137 1609 tene-

582 1653 842 1727 buntur;
891 1660 1366 1731 assumpserunt
1411 1652 1622 1731 itaque
1655 1672 1874 1714 omnes
1920 1653 2200 1732 predicti,
2230 1654 2293 1715 in
2324 1654 2609 1733 personis
2652 1674 2917 1735 quorum
2951 1674 3140 1735 supra

580 1758 643 1819 in
688 1758 968 1837 predicta
1014 1767 1232 1819 mutua
1278 1758 1738 1839 composicione
1786 1768 1848 1825 et
1895 1759 2247 1835 concordia,
2294 1760 2409 1821 sub
2456 1780 2623 1839 pena
2672 1771 2923 1822 centum
2968 1781 3131 1823 mar-

579 1886 794 1927 carum
840 1867 1236 1929 denariorum
1282 1867 1540 1929 firmiter
1587 1887 1837 1947 semper
1883 1887 2284 1947 permanere3
2332 1868 2685 1949 quicunque
2735 1878 2945 1931 autem
2992 1890 3131 1949 pre-

581 1974 812 2036 dictam
857 1983 1139 2035 mutuam
1195 1975 1722 2053 composicionem
1769 1983 1831 2036 et
1878 1976 2279 2036 concordiam
2325 1976 2750 2055 supradictam
2796 1977 3138 2051 violaverit,

583 2083 723 2143 talis
797 2084 1058 2144 violator
1126 2082 1481 2143 huiusmodi
1550 2082 2029 2162 composicionis
2099 2091 2161 2144 et
2231 2084 2579 2159 concordie,
2648 2084 2809 2162 parti
2874 2085 3137 2145 adverse

575 2191 1028 2273 quinquaginta
1074 2211 1322 2253 marcas
1370 2190 1774 2267 derariorum,
1823 2198 1885 2251 et
1930 2191 2140 2252 comiti
2188 2211 2265 2252 ac
2329 2208 2615 2272 suppano
2676 2210 2791 2270 pro
2854 2200 3133 2271 tempore

577 2299 943 2375 constituti3‚
991 2300 1270 2360 similiter
1316 2300 1769 2380 quinquaginta
1815 2318 2064 2360 marcas
2111 2300 2510 2361 denariorum
2559 2319 2705 2360 mox
2752 2301 2995 2360 solvere
3042 2308 3132 2360 te-

572 2408 820 2469 nebitur
867 2416 928 2467 et
975 2408 1242 2469 debebit.
1290 2408 1360 2468 In
1406 2427 1670 2488 quorum
1717 2408 1995 2468 omnium
2040 2408 2488 2487 premissorum
2547 2408 2967 2471 testimonium
3031 2409 3133 2468 fir-

571 2516 979 2593 mitatemque
1027 2524 1415 2594 perpetuam,
1462 2522 1786 2593 presentes
1833 2515 2047 2575 literas
2114 2523 2362 2575 nostras
2424 2515 2844 2597 privilegiales
2912 2515 3130 2596 sigillis

569 2621 796 2682 nostris
821 2622 1033 2697 solitis,
1059 2621 1356 2701 pendenti
1381 2622 1718 2682 munimine
1746 2623 2090 2698 roboratas,
2118 2621 2358 2684 eisdem
2381 2622 2663 2701 partibus
2688 2623 2769 2683 ad
2794 2622 3127 2683 instantem

567 2728 942 2807 peticionem
976 2728 1263 2790 duximus
1311 2729 1808 2789 concendendaS.
1857 2730 2090 2789 Datum
2135 2730 2465 2811 Zagrabie,
2497 2730 2655 2791 feria
2685 2732 2963 2791 secunda
2990 2750 3131 2810 pro-

567 2836 734 2897 xima
782 2846 925 2897 ante
971 2836 1200 2897 festum
1249 2836 1448 2897 sancti
1493 2834 1751 2896 Martini
1798 2836 2076 2915 episcopi
2124 2846 2186 2897 et
2234 2837 2626 2913 confessoriS,
2685 2856 2848 2897 anno
2897 2837 3128 2898 domini

565 2943 892 3005 millesimo
939 2943 1560 3025 quadringentesimo
1608 2943 2132 3025 quinquagesimo
2178 2945 2411 3024 quinto,

778 3084 820 3137 E
847 3087 1203 3154 transumpto
1231 3084 1516 3139 Ambrosii
1537 3083 1607 3138 de
1631 3084 2019 3155 Gregoriancz,
2046 3084 2305 3140 vicebani
2332 3084 2638 3140 Slavoniae
2664 3100 2715 3142 a.
2740 3084 2895 3139 1562.
2915 3084 3131 3139 Coaev.

565 3172 734 3241 copia
777 3173 834 3226 in
877 3176 1028 3227 arch.
1069 3174 1258 3227 accad-
1298 3174 1492 3229 scient.
1532 3174 1752 3229 Slavor.
1793 3174 1988 3229 mel-id.
2028 3173 2351 3243 Zagrabiao.

785 3338 798 3365 ¹
837 3335 918 3389 sic
959 3335 1175 3404 (aliter).
1219 3337 1366 3390 [nfra
1411 3336 1638 3406 saepius
1683 3337 1812 3391 talis
1853 3338 2043 3407 lapsas
2090 3336 2330 3391 occurrit
2368 3336 2544 3403 (alter,
2598 3334 2877 3405 alterum).

1736 3675 1952 3748 304.

771 3894 956 3956 Anno
1013 3894 1245 3975 145[5].
1296 3895 1397 3956 22.
1447 3896 1814 3957 decembris,
1862 3895 2235 3977 Zagrabiae.

559 4106 902 4173 Iohannes
922 4104 1136 4191 filius
1169 4106 1530 4172 Benedicti
1561 4106 1644 4172 de
1675 4106 1916 4193 Super.
1965 4107 2360 4185 Lukawwz,
2407 4128 2631 4173 comes
2663 4111 2822 4175 terr.
2875 4106 3123 4191 Campi

557 4214 1071 4300 Zagrabiensis,
1140 4214 1714 4280 ammonitionem
1798 4214 2191 4281 vendendae
2252 4216 2718 4299 possessionis
2786 4214 3117 4292 Emerici,

558 4322 826 4388 Mathai
869 4325 934 4387 et
966 4322 1315 4387 Damiani
1345 4321 1428 4387 de
1457 4322 1958 4408 Rodomanycz‚
2010 4323 2086 4387 in
2135 4321 2377 4407 Super.
2416 4320 2795 4387 Lukawecz
2825 4322 3118 4387 aristen-

1590 4430 1702 4508 tis,
1747 4428 2083 4515 notificat.

767 4664 902 4726 Nos
963 4666 1272 4727 Iohannes
1337 4666 1497 4727 filius
1567 4666 1890 4729 Benedicti
1952 4668 2032 4728 de
2094 4666 2412 4745 Superiori
2481 4664 2837 4727 Lukawecz
2904 4684 3115 4726 comes

553 4774 864 4835 terrestris
911 4774 1140 4853 Campi
1183 4775 1628 4855 Zagrabiensis
1693 4774 1993 4835 memorie
2054 4776 2567 4835 commendamus
2613 4794 2729 4855 per
2771 4782 3115 4852 presenteS,

555 4883 725 4962 quod
771 4902 914 4943 cum
963 4901 1076 4942 nos
1127 4884 1206 4943 ad
1268 4882 1602 4944 instantem
1667 4882 2040 4961 peticionem
2103 4882 2371 4944 Emerici
2420 4892 2482 4944 et
2526 4881 2787 4959 Mathey
2848 4880 3113 4942 filiorum

559 4992 736 5051 Pauli
787 4992 864 5051 de
913 4986 1320 5067 Rodomycz¹‚
1385 4999 1447 5051 et
1509 4990 1820 5067 Damyani
1867 4990 1975 5050 filii
2020 4991 2197 5050 Pauli
2260 4990 2365 5050 filii
2428 4992 2713 5051 Radman
2762 4990 2841 5050 de
2890 4990 3113 5050 eadem
