<?xml version="1.0" encoding="UTF-8"?>
<!DOCTYPE html PUBLIC "-//W3C//DTD XHTML 1.0 Transitional//EN"
    "http://www.w3.org/TR/xhtml1/DTD/xhtml1-transitional.dtd">
<html xmlns="http://www.w3.org/1999/xhtml" xml:lang="en" lang="en">
 <head>
  <title>
</title>
<meta http-equiv="Content-Type" content="text/html;charset=utf-8" />
  <meta name='ocr-system' content='tesseract 3.04.00' />
  <meta name='ocr-capabilities' content='ocr_page ocr_carea ocr_par ocr_line ocrx_word'/>
</head>
<body>
  <div class='ocr_page' id='page_1' title='image "./povjesnispomeni01laszgoog_0537.png"; bbox 0 0 3917 5592; ppageno 0'>
   <div class='ocr_carea' id='block_1_1' title="bbox 637 546 901 553">
    <p class='ocr_par' dir='ltr' id='par_1_1' title="bbox 637 546 901 553">
     <span class='ocr_line' id='line_1_1' title="bbox 637 546 901 553; baseline 0 0"><span class='ocrx_word' id='word_1_1' title='bbox 637 546 901 553; x_wconf 95' lang='lat' dir='ltr'> </span> 
     </span>
    </p>
   </div>
   <div class='ocr_carea' id='block_1_2' title="bbox 706 664 1854 791">
    <p class='ocr_par' dir='ltr' id='par_1_2' title="bbox 706 664 1854 791">
     <span class='ocr_line' id='line_1_2' title="bbox 707 664 1854 731; baseline -0.003 -14"><span class='ocrx_word' id='word_1_2' title='bbox 707 667 952 717; x_wconf 88' lang='lat' dir='ltr'>Nicolaus</span> <span class='ocrx_word' id='word_1_3' title='bbox 988 667 1170 727; x_wconf 85' lang='lat' dir='ltr'>banus,</span> <span class='ocrx_word' id='word_1_4' title='bbox 1212 665 1482 731; x_wconf 84' lang='lat' dir='ltr'>palatinus,</span> <span class='ocrx_word' id='word_1_5' title='bbox 1533 666 1698 715; x_wconf 84' lang='lat' dir='ltr'>banus</span> <span class='ocrx_word' id='word_1_6' title='bbox 1755 664 1854 714; x_wconf 82' lang='lat' dir='ltr'>Ma-</span> 
     </span>
     <span class='ocr_line' id='line_1_3' title="bbox 706 735 1786 791; baseline 0 -3"><span class='ocrx_word' id='word_1_7' title='bbox 706 738 1018 790; x_wconf 84' lang='lat' dir='ltr'>choviensis.</span> <span class='ocrx_word' id='word_1_8' title='bbox 1060 737 1146 790; x_wconf 93' lang='lat'>78.</span> <span class='ocrx_word' id='word_1_9' title='bbox 1186 736 1304 791; x_wconf 89' lang='lat'>114.</span> <span class='ocrx_word' id='word_1_10' title='bbox 1347 736 1464 790; x_wconf 88' lang='grc'>146.</span> <span class='ocrx_word' id='word_1_11' title='bbox 1508 737 1626 789; x_wconf 93' lang='grc'><strong>147.</strong></span> <span class='ocrx_word' id='word_1_12' title='bbox 1667 735 1786 788; x_wconf 88' lang='grc'><strong>159.</strong></span> 
     </span>
    </p>
   </div>
   <div class='ocr_carea' id='block_1_3' title="bbox 631 807 1858 875">
    <p class='ocr_par' dir='ltr' id='par_1_3' title="bbox 631 807 1858 875">
     <span class='ocr_line' id='line_1_4' title="bbox 631 807 1858 875; baseline -0.003 -15"><span class='ocrx_word' id='word_1_13' title='bbox 631 811 1019 860; x_wconf 81' lang='lat' dir='ltr'>Gatalowcz</span> <span class='ocrx_word' id='word_1_14' title='bbox 1058 808 1290 871; x_wconf 85' lang='lat' dir='ltr'>Mathias,</span> <span class='ocrx_word' id='word_1_15' title='bbox 1330 824 1503 875; x_wconf 87' lang='lat' dir='ltr'>praep.</span> <span class='ocrx_word' id='word_1_16' title='bbox 1544 810 1666 858; x_wconf 88' lang='lat' dir='ltr'>eccl.</span> <span class='ocrx_word' id='word_1_17' title='bbox 1695 807 1858 869; x_wconf 89' lang='lat' dir='ltr'>Quin-</span> 
     </span>
    </p>
   </div>
   <div class='ocr_carea' id='block_1_4' title="bbox 630 878 1855 2089">
    <p class='ocr_par' dir='ltr' id='par_1_4' title="bbox 631 878 1360 1017">
     <span class='ocr_line' id='line_1_5' title="bbox 631 878 1360 1017; baseline 0.003 -14"><span class='ocrx_word' id='word_1_18' title='bbox 631 878 1360 1017; x_wconf 49' lang='grc' dir='ltr'><strong>ῦαῗζξῗζνῖιὲτῗξ5εἰῖ6456.</strong></span> 
     </span>
    </p>

    <p class='ocr_par' dir='ltr' id='par_1_5' title="bbox 633 1024 1500 1077">
     <span class='ocr_line' id='line_1_6' title="bbox 633 1024 1500 1077; baseline 0 -2"><span class='ocrx_word' id='word_1_19' title='bbox 633 1024 834 1075; x_wconf 83' lang='lat' dir='ltr'>Geckae</span> <span class='ocrx_word' id='word_1_20' title='bbox 871 1038 1066 1077; x_wconf 86' lang='lat' dir='ltr'>comes.</span> <span class='ocrx_word' id='word_1_21' title='bbox 1105 1024 1264 1074; x_wconf 83' lang='lat' dir='ltr'>Vide:</span> <span class='ocrx_word' id='word_1_22' title='bbox 1305 1039 1500 1076; x_wconf 86' lang='lat' dir='ltr'>comes.</span> 
     </span>
    </p>

    <p class='ocr_par' dir='ltr' id='par_1_6' title="bbox 636 1094 1024 1147">
     <span class='ocr_line' id='line_1_7' title="bbox 636 1094 1024 1147; baseline 0 -2"><span class='ocrx_word' id='word_1_23' title='bbox 636 1096 900 1145; x_wconf 89' lang='lat' dir='ltr'>Gemzina.</span> <span class='ocrx_word' id='word_1_24' title='bbox 942 1094 1024 1147; x_wconf 87' lang='lat'>19.</span> 
     </span>
    </p>

    <p class='ocr_par' dir='ltr' id='par_1_7' title="bbox 633 1165 1617 1233">
     <span class='ocr_line' id='line_1_8' title="bbox 633 1165 1617 1233; baseline -0.003 -16"><span class='ocrx_word' id='word_1_25' title='bbox 633 1169 899 1233; x_wconf 77' lang='lat' dir='ltr'>generales</span> <span class='ocrx_word' id='word_1_26' title='bbox 938 1176 1160 1217; x_wconf 85' lang='lat' dir='ltr'>monast.</span> <span class='ocrx_word' id='word_1_27' title='bbox 1202 1177 1250 1216; x_wconf 89' lang='lat' dir='ltr'>et</span> <span class='ocrx_word' id='word_1_28' title='bbox 1287 1167 1455 1216; x_wconf 91' lang='lat' dir='ltr'>ordin.</span> <span class='ocrx_word' id='word_1_29' title='bbox 1494 1165 1617 1217; x_wconf 86' lang='lat'>444.</span> 
     </span>
    </p>

    <p class='ocr_par' dir='ltr' id='par_1_8' title="bbox 632 1234 1854 1363">
     <span class='ocr_line' id='line_1_9' title="bbox 632 1234 1854 1305; baseline -0.004 -16"><span class='ocrx_word' id='word_1_30' title='bbox 632 1240 909 1305; x_wconf 81' lang='lat' dir='ltr'>generatio,</span> <span class='ocrx_word' id='word_1_31' title='bbox 955 1239 1004 1289; x_wconf 87' lang='lat'>7.</span> <span class='ocrx_word' id='word_1_32' title='bbox 1063 1238 1146 1290; x_wconf 94' lang='lat'>12.</span> <span class='ocrx_word' id='word_1_33' title='bbox 1219 1238 1302 1291; x_wconf 85' lang='lat'>13.</span> <span class='ocrx_word' id='word_1_34' title='bbox 1361 1237 1443 1290; x_wconf 88' lang='lat'>15.</span> <span class='ocrx_word' id='word_1_35' title='bbox 1503 1238 1587 1291; x_wconf 87' lang='lat'>24.</span> <span class='ocrx_word' id='word_1_36' title='bbox 1643 1235 1730 1287; x_wconf 90' lang='grc'>25.</span> <span class='ocrx_word' id='word_1_37' title='bbox 1769 1234 1854 1287; x_wconf 89' lang='grc'>26.</span> 
     </span>
     <span class='ocr_line' id='line_1_10' title="bbox 701 1306 1838 1363; baseline -0.004 0"><span class='ocrx_word' id='word_1_38' title='bbox 701 1308 787 1363; x_wconf 92' lang='grc'>33.</span> <span class='ocrx_word' id='word_1_39' title='bbox 825 1309 912 1363; x_wconf 87' lang='lat'>48.</span> <span class='ocrx_word' id='word_1_40' title='bbox 950 1309 1036 1362; x_wconf 91' lang='grc'>51.</span> <span class='ocrx_word' id='word_1_41' title='bbox 1077 1308 1162 1361; x_wconf 90' lang='grc'>75.</span> <span class='ocrx_word' id='word_1_42' title='bbox 1201 1309 1286 1362; x_wconf 91' lang='grc'>76.</span> <span class='ocrx_word' id='word_1_43' title='bbox 1326 1309 1410 1361; x_wconf 91' lang='grc'><strong>77.</strong></span> <span class='ocrx_word' id='word_1_44' title='bbox 1449 1309 1535 1362; x_wconf 92' lang='grc'>92.</span> <span class='ocrx_word' id='word_1_45' title='bbox 1576 1308 1695 1361; x_wconf 90' lang='grc'><strong>100.</strong></span> <span class='ocrx_word' id='word_1_46' title='bbox 1737 1306 1838 1359; x_wconf 88' lang='grc'>196</span> 
     </span>
    </p>

    <p class='ocr_par' dir='ltr' id='par_1_9' title="bbox 631 1380 1422 1450">
     <span class='ocr_line' id='line_1_11' title="bbox 631 1380 1422 1450; baseline -0.001 -18"><span class='ocrx_word' id='word_1_47' title='bbox 631 1382 893 1450; x_wconf 86' lang='lat' dir='ltr'>generatio</span> <span class='ocrx_word' id='word_1_48' title='bbox 933 1381 1260 1446; x_wconf 87' lang='lat' dir='ltr'>Dobranych.</span> <span class='ocrx_word' id='word_1_49' title='bbox 1297 1380 1422 1434; x_wconf 89' lang='grc'><strong>350.</strong></span> 
     </span>
    </p>

    <p class='ocr_par' dir='ltr' id='par_1_10' title="bbox 631 1453 1414 1519">
     <span class='ocr_line' id='line_1_12' title="bbox 631 1453 1414 1519; baseline -0.003 -16"><span class='ocrx_word' id='word_1_50' title='bbox 631 1454 894 1519; x_wconf 86' lang='lat' dir='ltr'>generatio</span> <span class='ocrx_word' id='word_1_51' title='bbox 933 1453 1288 1518; x_wconf 83' lang='lat' dir='ltr'>Domagoych.</span> <span class='ocrx_word' id='word_1_52' title='bbox 1327 1453 1414 1506; x_wconf 89' lang='grc'><strong>87.</strong></span> 
     </span>
    </p>

    <p class='ocr_par' dir='ltr' id='par_1_11' title="bbox 632 1520 1817 1591">
     <span class='ocr_line' id='line_1_13' title="bbox 632 1520 1817 1591; baseline -0.001 -16"><span class='ocrx_word' id='word_1_53' title='bbox 632 1525 895 1591; x_wconf 84' lang='lat' dir='ltr'>generatio</span> <span class='ocrx_word' id='word_1_54' title='bbox 935 1524 1172 1573; x_wconf 85' lang='lat' dir='ltr'>Lewcha.</span> <span class='ocrx_word' id='word_1_55' title='bbox 1216 1524 1336 1577; x_wconf 93' lang='lat'>166.</span> <span class='ocrx_word' id='word_1_56' title='bbox 1377 1523 1495 1577; x_wconf 88' lang='grc'><strong>167.</strong></span> <span class='ocrx_word' id='word_1_57' title='bbox 1537 1523 1655 1576; x_wconf 90' lang='grc'><strong>169.</strong></span> <span class='ocrx_word' id='word_1_58' title='bbox 1695 1520 1817 1575; x_wconf 90' lang='grc'><strong>225.</strong></span> 
     </span>
    </p>

    <p class='ocr_par' dir='ltr' id='par_1_12' title="bbox 631 1593 1729 1662">
     <span class='ocr_line' id='line_1_14' title="bbox 631 1593 1729 1662; baseline 0.002 -17"><span class='ocrx_word' id='word_1_59' title='bbox 631 1596 895 1662; x_wconf 85' lang='lat' dir='ltr'>generatio</span> <span class='ocrx_word' id='word_1_60' title='bbox 936 1596 999 1645; x_wconf 91' lang='lat' dir='ltr'>de</span> <span class='ocrx_word' id='word_1_61' title='bbox 1036 1596 1354 1661; x_wconf 77' lang='lat' dir='ltr'>Lomnycha.</span> <span class='ocrx_word' id='word_1_62' title='bbox 1393 1596 1478 1648; x_wconf 92' lang='lat'>91.</span> <span class='ocrx_word' id='word_1_63' title='bbox 1517 1595 1603 1648; x_wconf 88' lang='grc'>92.</span> <span class='ocrx_word' id='word_1_64' title='bbox 1642 1593 1729 1647; x_wconf 86' lang='grc'>93.</span> 
     </span>
    </p>

    <p class='ocr_par' dir='ltr' id='par_1_13' title="bbox 630 1666 1452 1734">
     <span class='ocr_line' id='line_1_15' title="bbox 630 1666 1452 1734; baseline 0 -17"><span class='ocrx_word' id='word_1_65' title='bbox 630 1667 899 1734; x_wconf 87' lang='lat' dir='ltr'>generatio</span> <span class='ocrx_word' id='word_1_66' title='bbox 940 1668 1002 1716; x_wconf 92' lang='lat' dir='ltr'>de</span> <span class='ocrx_word' id='word_1_67' title='bbox 1042 1668 1325 1733; x_wconf 86' lang='lat' dir='ltr'>Mrachlyn.</span> <span class='ocrx_word' id='word_1_68' title='bbox 1365 1666 1452 1719; x_wconf 89' lang='grc'>75.</span> 
     </span>
    </p>

    <p class='ocr_par' dir='ltr' id='par_1_14' title="bbox 634 1736 1758 1805">
     <span class='ocr_line' id='line_1_16' title="bbox 634 1736 1758 1805; baseline -0.004 -16"><span class='ocrx_word' id='word_1_69' title='bbox 634 1739 896 1804; x_wconf 88' lang='lat' dir='ltr'>generatio</span> <span class='ocrx_word' id='word_1_70' title='bbox 936 1738 1188 1788; x_wconf 85' lang='lat' dir='ltr'>nobilium</span> <span class='ocrx_word' id='word_1_71' title='bbox 1229 1740 1411 1804; x_wconf 89' lang='lat' dir='ltr'>Campi</span> <span class='ocrx_word' id='word_1_72' title='bbox 1451 1740 1597 1805; x_wconf 85' lang='lat' dir='ltr'>Zagr.</span> <span class='ocrx_word' id='word_1_73' title='bbox 1635 1736 1758 1790; x_wconf 85' lang='lat'>457.</span> 
     </span>
    </p>

    <p class='ocr_par' dir='ltr' id='par_1_15' title="bbox 635 1808 1297 1877">
     <span class='ocr_line' id='line_1_17' title="bbox 635 1808 1297 1877; baseline -0.002 -17"><span class='ocrx_word' id='word_1_74' title='bbox 635 1810 900 1877; x_wconf 83' lang='lat' dir='ltr'>generatio</span> <span class='ocrx_word' id='word_1_75' title='bbox 939 1810 1137 1859; x_wconf 82' lang='lat' dir='ltr'>Szlav0.</span> <span class='ocrx_word' id='word_1_76' title='bbox 1175 1808 1297 1863; x_wconf 88' lang='lat'>387.</span> 
     </span>
    </p>

    <p class='ocr_par' dir='ltr' id='par_1_16' title="bbox 635 1880 1305 1947">
     <span class='ocr_line' id='line_1_18' title="bbox 635 1880 1305 1947; baseline 0.006 -16"><span class='ocrx_word' id='word_1_77' title='bbox 635 1881 898 1947; x_wconf 86' lang='lat' dir='ltr'>generatio</span> <span class='ocrx_word' id='word_1_78' title='bbox 939 1882 1148 1933; x_wconf 74' lang='lat' dir='ltr'>lemer.</span> <span class='ocrx_word' id='word_1_79' title='bbox 1186 1880 1305 1935; x_wconf 88' lang='grc'><strong>387.</strong></span> 
     </span>
    </p>

    <p class='ocr_par' dir='ltr' id='par_1_17' title="bbox 633 1951 1534 2019">
     <span class='ocr_line' id='line_1_19' title="bbox 633 1951 1534 2019; baseline 0.003 -17"><span class='ocrx_word' id='word_1_80' title='bbox 633 1953 897 2019; x_wconf 81' lang='lat' dir='ltr'>generatio</span> <span class='ocrx_word' id='word_1_81' title='bbox 936 1954 1162 2005; x_wconf 84' lang='lat' dir='ltr'>Wlkota.</span> <span class='ocrx_word' id='word_1_82' title='bbox 1200 1953 1285 2006; x_wconf 90' lang='grc'>91.</span> <span class='ocrx_word' id='word_1_83' title='bbox 1325 1952 1411 2005; x_wconf 91' lang='grc'>92.</span> <span class='ocrx_word' id='word_1_84' title='bbox 1449 1951 1534 2005; x_wconf 90' lang='grc'>93.</span> 
     </span>
    </p>

    <p class='ocr_par' dir='ltr' id='par_1_18' title="bbox 633 2022 1855 2089">
     <span class='ocr_line' id='line_1_20' title="bbox 633 2022 1855 2089; baseline 0.001 -16"><span class='ocrx_word' id='word_1_85' title='bbox 633 2025 1040 2089; x_wconf 86' lang='lat' dir='ltr'>generationales</span> <span class='ocrx_word' id='word_1_86' title='bbox 1067 2024 1264 2077; x_wconf 87' lang='lat' dir='ltr'>fratres.</span> <span class='ocrx_word' id='word_1_87' title='bbox 1294 2024 1412 2077; x_wconf 89' lang='grc'><strong>167.</strong></span> <span class='ocrx_word' id='word_1_88' title='bbox 1442 2024 1558 2076; x_wconf 88' lang='grc'><strong>169.</strong></span> <span class='ocrx_word' id='word_1_89' title='bbox 1587 2023 1708 2076; x_wconf 91' lang='grc'><strong>349.</strong></span> <span class='ocrx_word' id='word_1_90' title='bbox 1735 2022 1855 2075; x_wconf 89' lang='grc'><strong>352.</strong></span> 
     </span>
    </p>
   </div>
   <div class='ocr_carea' id='block_1_5' title="bbox 681 2094 822 2173">
    <p class='ocr_par' dir='ltr' id='par_1_19' title="bbox 681 2094 822 2173">
     <span class='ocr_line' id='line_1_21' title="bbox 681 2094 822 2173; baseline 0 -25"><span class='ocrx_word' id='word_1_91' title='bbox 681 2094 822 2173; x_wconf 66' lang='lat'>386.</span> 
     </span>
    </p>
   </div>
   <div class='ocr_carea' id='block_1_6' title="bbox 628 2182 1854 2879">
    <p class='ocr_par' dir='ltr' id='par_1_20' title="bbox 631 2182 1510 2250">
     <span class='ocr_line' id='line_1_22' title="bbox 631 2182 1510 2250; baseline 0.005 -17"><span class='ocrx_word' id='word_1_92' title='bbox 631 2184 1028 2249; x_wconf 83' lang='lat' dir='ltr'>generationalis</span> <span class='ocrx_word' id='word_1_93' title='bbox 1068 2186 1349 2250; x_wconf 77' lang='lat' dir='ltr'>possessio,</span> <span class='ocrx_word' id='word_1_94' title='bbox 1387 2182 1510 2238; x_wconf 88' lang='grc'><strong>387.</strong></span> 
     </span>
    </p>

    <p class='ocr_par' dir='ltr' id='par_1_21' title="bbox 628 2256 1288 2322">
     <span class='ocr_line' id='line_1_23' title="bbox 628 2256 1288 2322; baseline 0.006 -17"><span class='ocrx_word' id='word_1_95' title='bbox 628 2267 809 2322; x_wconf 90' lang='lat' dir='ltr'>gentes</span> <span class='ocrx_word' id='word_1_96' title='bbox 845 2272 1127 2306; x_wconf 82' lang='lat' dir='ltr'>armorum.</span> <span class='ocrx_word' id='word_1_97' title='bbox 1166 2256 1288 2309; x_wconf 87' lang='lat'>444.</span> 
     </span>
    </p>

    <p class='ocr_par' dir='ltr' id='par_1_22' title="bbox 632 2327 1302 2392">
     <span class='ocr_line' id='line_1_24' title="bbox 632 2327 1302 2392; baseline 0.003 -16"><span class='ocrx_word' id='word_1_98' title='bbox 632 2343 798 2392; x_wconf 89' lang='lat' dir='ltr'>genus</span> <span class='ocrx_word' id='word_1_99' title='bbox 836 2327 993 2387; x_wconf 74' lang='lat' dir='ltr'>Acha‚</span> <span class='ocrx_word' id='word_1_100' title='bbox 1031 2328 1177 2381; x_wconf 78' lang='lat' dir='ltr'>Atha.</span> <span class='ocrx_word' id='word_1_101' title='bbox 1216 2328 1302 2380; x_wconf 90' lang='grc'>25.</span> 
     </span>
    </p>

    <p class='ocr_par' dir='ltr' id='par_1_23' title="bbox 629 2398 1273 2463">
     <span class='ocr_line' id='line_1_25' title="bbox 629 2398 1273 2463; baseline 0.008 -16"><span class='ocrx_word' id='word_1_102' title='bbox 629 2414 794 2463; x_wconf 86' lang='lat' dir='ltr'>genus</span> <span class='ocrx_word' id='word_1_103' title='bbox 831 2399 1150 2453; x_wconf 83' lang='lat' dir='ltr'>Chernoslai.</span> <span class='ocrx_word' id='word_1_104' title='bbox 1189 2398 1273 2452; x_wconf 90' lang='lat'>73.</span> 
     </span>
    </p>

    <p class='ocr_par' dir='ltr' id='par_1_24' title="bbox 629 2468 1267 2529">
     <span class='ocr_line' id='line_1_26' title="bbox 629 2468 1267 2529; baseline 0.008 -11"><span class='ocrx_word' id='word_1_105' title='bbox 629 2485 794 2529; x_wconf 80' lang='lat' dir='ltr'>genus</span> <span class='ocrx_word' id='word_1_106' title='bbox 833 2470 1020 2519; x_wconf 85' lang='lat' dir='ltr'>Endre.</span> <span class='ocrx_word' id='word_1_107' title='bbox 1062 2469 1143 2522; x_wconf 88' lang='lat'>18.</span> <span class='ocrx_word' id='word_1_108' title='bbox 1183 2468 1267 2523; x_wconf 83' lang='lat'>25.</span> 
     </span>
    </p>

    <p class='ocr_par' dir='ltr' id='par_1_25' title="bbox 629 2540 1213 2606">
     <span class='ocr_line' id='line_1_27' title="bbox 629 2540 1213 2606; baseline 0.009 -17"><span class='ocrx_word' id='word_1_109' title='bbox 629 2555 794 2606; x_wconf 90' lang='lat' dir='ltr'>genus</span> <span class='ocrx_word' id='word_1_110' title='bbox 833 2542 1054 2593; x_wconf 88' lang='lat' dir='ltr'>Leucha.</span> <span class='ocrx_word' id='word_1_111' title='bbox 1093 2540 1213 2594; x_wconf 89' lang='grc'><strong>221.</strong></span> 
     </span>
    </p>

    <p class='ocr_par' dir='ltr' id='par_1_26' title="bbox 639 2612 1567 2679">
     <span class='ocr_line' id='line_1_28' title="bbox 639 2612 1567 2679; baseline 0.006 -19"><span class='ocrx_word' id='word_1_112' title='bbox 639 2627 804 2675; x_wconf 84' lang='lat' dir='ltr'>genus</span> <span class='ocrx_word' id='word_1_113' title='bbox 843 2614 1162 2662; x_wconf 82' lang='lat' dir='ltr'>servientum</span> <span class='ocrx_word' id='word_1_114' title='bbox 1201 2614 1354 2679; x_wconf 84' lang='lat' dir='ltr'>regis.</span> <span class='ocrx_word' id='word_1_115' title='bbox 1393 2612 1443 2666; x_wconf 90' lang='lat'>8.</span> <span class='ocrx_word' id='word_1_116' title='bbox 1485 2614 1567 2666; x_wconf 92' lang='lat'>10.</span> 
     </span>
    </p>

    <p class='ocr_par' dir='ltr' id='par_1_27' title="bbox 631 2682 1854 2879">
     <span class='ocr_line' id='line_1_29' title="bbox 631 2682 1854 2747; baseline 0.003 -14"><span class='ocrx_word' id='word_1_117' title='bbox 631 2683 902 2747; x_wconf 88' lang='lat' dir='ltr'>Georgius.</span> <span class='ocrx_word' id='word_1_118' title='bbox 944 2683 1026 2736; x_wconf 88' lang='lat'>19.</span> <span class='ocrx_word' id='word_1_119' title='bbox 1066 2683 1150 2735; x_wconf 89' lang='grc'>20.</span> <span class='ocrx_word' id='word_1_120' title='bbox 1190 2684 1274 2737; x_wconf 91' lang='grc'>29.</span> <span class='ocrx_word' id='word_1_121' title='bbox 1325 2682 1408 2737; x_wconf 90' lang='grc'>39.</span> <span class='ocrx_word' id='word_1_122' title='bbox 1450 2684 1534 2737; x_wconf 87' lang='grc'>40.</span> <span class='ocrx_word' id='word_1_123' title='bbox 1577 2684 1694 2737; x_wconf 94' lang='grc'><strong>100.</strong></span> <span class='ocrx_word' id='word_1_124' title='bbox 1737 2684 1854 2737; x_wconf 87' lang='grc'><strong>104.</strong></span> 
     </span>
     <span class='ocr_line' id='line_1_30' title="bbox 703 2752 1854 2809; baseline 0.003 -3"><span class='ocrx_word' id='word_1_125' title='bbox 703 2752 822 2807; x_wconf 90' lang='grc'><strong>106.</strong></span> <span class='ocrx_word' id='word_1_126' title='bbox 864 2753 981 2807; x_wconf 90' lang='grc'><strong>115.</strong></span> <span class='ocrx_word' id='word_1_127' title='bbox 1023 2754 1140 2807; x_wconf 89' lang='grc'><strong>116.</strong></span> <span class='ocrx_word' id='word_1_128' title='bbox 1194 2754 1358 2809; x_wconf 91' lang='grc'><strong>123.-</strong></span> <span class='ocrx_word' id='word_1_129' title='bbox 1390 2756 1507 2808; x_wconf 90' lang='grc'><strong>127.</strong></span> <span class='ocrx_word' id='word_1_130' title='bbox 1560 2755 1677 2808; x_wconf 87' lang='grc'><strong>143.</strong></span> <span class='ocrx_word' id='word_1_131' title='bbox 1740 2755 1854 2809; x_wconf 87' lang='grc'><strong>159.</strong></span> 
     </span>
     <span class='ocr_line' id='line_1_31' title="bbox 704 2824 1176 2879; baseline 0.004 -2"><span class='ocrx_word' id='word_1_132' title='bbox 704 2824 822 2878; x_wconf 92' lang='grc'><strong>162.</strong></span> <span class='ocrx_word' id='word_1_133' title='bbox 863 2825 982 2878; x_wconf 89' lang='grc'><strong>234.</strong></span> <span class='ocrx_word' id='word_1_134' title='bbox 1021 2825 1176 2879; x_wconf 84' lang='grc'><strong>311.-</strong></span> 
     </span>
    </p>
   </div>
   <div class='ocr_carea' id='block_1_7' title="bbox 633 2897 1854 2964">
    <p class='ocr_par' dir='ltr' id='par_1_28' title="bbox 633 2897 1854 2964">
     <span class='ocr_line' id='line_1_32' title="bbox 633 2897 1854 2964; baseline 0.002 -18"><span class='ocrx_word' id='word_1_135' title='bbox 633 2898 890 2963; x_wconf 87' lang='lat' dir='ltr'>Georgius</span> <span class='ocrx_word' id='word_1_136' title='bbox 929 2897 996 2947; x_wconf 87' lang='lat' dir='ltr'>fil·</span> <span class='ocrx_word' id='word_1_137' title='bbox 1057 2898 1292 2948; x_wconf 81' lang='lat' dir='ltr'>Andreae</span> <span class='ocrx_word' id='word_1_138' title='bbox 1329 2899 1393 2948; x_wconf 92' lang='lat' dir='ltr'>de</span> <span class='ocrx_word' id='word_1_139' title='bbox 1431 2898 1854 2964; x_wconf 80' lang='lat' dir='ltr'>Bwkowschyak.</span> 
     </span>
    </p>
   </div>
   <div class='ocr_carea' id='block_1_8' title="bbox 610 3039 1852 5028">
    <p class='ocr_par' dir='ltr' id='par_1_29' title="bbox 631 3039 1458 3105">
     <span class='ocr_line' id='line_1_33' title="bbox 631 3039 1458 3105; baseline 0.007 -17"><span class='ocrx_word' id='word_1_140' title='bbox 631 3039 889 3105; x_wconf 86' lang='lat' dir='ltr'>Georgius</span> <span class='ocrx_word' id='word_1_141' title='bbox 923 3040 992 3092; x_wconf 83' lang='lat' dir='ltr'>fil.</span> <span class='ocrx_word' id='word_1_142' title='bbox 1031 3040 1296 3094; x_wconf 84' lang='lat' dir='ltr'>Anthonii.</span> <span class='ocrx_word' id='word_1_143' title='bbox 1340 3039 1458 3094; x_wconf 84' lang='lat'>135.</span> 
     </span>
    </p>

    <p class='ocr_par' dir='ltr' id='par_1_30' title="bbox 630 3111 1852 3250">
     <span class='ocr_line' id='line_1_34' title="bbox 630 3111 1852 3173; baseline 0.002 -14"><span class='ocrx_word' id='word_1_144' title='bbox 630 3112 888 3173; x_wconf 79' lang='lat' dir='ltr'>Georgius</span> <span class='ocrx_word' id='word_1_145' title='bbox 930 3111 998 3163; x_wconf 97' lang='grc'>61.</span> <span class='ocrx_word' id='word_1_146' title='bbox 1042 3112 1286 3162; x_wconf 79' lang='lat' dir='ltr'>Anthonii</span> <span class='ocrx_word' id='word_1_147' title='bbox 1341 3113 1404 3161; x_wconf 92' lang='lat' dir='ltr'>de</span> <span class='ocrx_word' id='word_1_148' title='bbox 1445 3114 1615 3173; x_wconf 79' lang='lat' dir='ltr'>Plezo,</span> <span class='ocrx_word' id='word_1_149' title='bbox 1674 3128 1852 3163; x_wconf 88' lang='lat' dir='ltr'>comes</span> 
     </span>
     <span class='ocr_line' id='line_1_35' title="bbox 700 3181 1554 3250; baseline 0.006 -19"><span class='ocrx_word' id='word_1_150' title='bbox 700 3194 816 3233; x_wconf 89' lang='lat' dir='ltr'>terr.</span> <span class='ocrx_word' id='word_1_151' title='bbox 858 3183 1041 3247; x_wconf 85' lang='lat' dir='ltr'>Campi</span> <span class='ocrx_word' id='word_1_152' title='bbox 1082 3184 1228 3250; x_wconf 82' lang='lat' dir='ltr'>Zagr.</span> <span class='ocrx_word' id='word_1_153' title='bbox 1268 3183 1390 3235; x_wconf 89' lang='lat'>421.</span> <span class='ocrx_word' id='word_1_154' title='bbox 1431 3181 1554 3236; x_wconf 84' lang='lat'>423.</span> 
     </span>
    </p>

    <p class='ocr_par' dir='ltr' id='par_1_31' title="bbox 627 3252 1850 3388">
     <span class='ocr_line' id='line_1_36' title="bbox 627 3252 1850 3317; baseline 0.001 -16"><span class='ocrx_word' id='word_1_155' title='bbox 627 3252 884 3317; x_wconf 78' lang='lat' dir='ltr'>Georgius</span> <span class='ocrx_word' id='word_1_156' title='bbox 923 3252 993 3307; x_wconf 91' lang='lat' dir='ltr'>fil.</span> <span class='ocrx_word' id='word_1_157' title='bbox 1051 3254 1300 3304; x_wconf 74' lang='lat' dir='ltr'>Anthonii</span> <span class='ocrx_word' id='word_1_158' title='bbox 1357 3253 1426 3303; x_wconf 88' lang='lat' dir='ltr'>fil.</span> <span class='ocrx_word' id='word_1_159' title='bbox 1489 3254 1729 3304; x_wconf 82' lang='lat' dir='ltr'>Iohannis</span> <span class='ocrx_word' id='word_1_160' title='bbox 1787 3255 1850 3303; x_wconf 89' lang='lat' dir='ltr'>de</span> 
     </span>
     <span class='ocr_line' id='line_1_37' title="bbox 691 3324 1098 3388; baseline 0.012 -17"><span class='ocrx_word' id='word_1_161' title='bbox 691 3324 939 3388; x_wconf 79' lang='lat' dir='ltr'>Gorycza.</span> <span class='ocrx_word' id='word_1_162' title='bbox 977 3324 1098 3378; x_wconf 83' lang='grc'><strong>278.</strong></span> 
     </span>
    </p>

    <p class='ocr_par' dir='ltr' id='par_1_32' title="bbox 620 3394 1796 3462">
     <span class='ocr_line' id='line_1_38' title="bbox 620 3394 1796 3462; baseline 0.004 -17"><span class='ocrx_word' id='word_1_163' title='bbox 620 3394 876 3460; x_wconf 85' lang='lat' dir='ltr'>Georgius</span> <span class='ocrx_word' id='word_1_164' title='bbox 917 3395 984 3447; x_wconf 90' lang='grc'>61.</span> <span class='ocrx_word' id='word_1_165' title='bbox 1011 3396 1167 3446; x_wconf 84' lang='lat' dir='ltr'>Blasii</span> <span class='ocrx_word' id='word_1_166' title='bbox 1208 3398 1272 3446; x_wconf 87' lang='lat' dir='ltr'>de</span> <span class='ocrx_word' id='word_1_167' title='bbox 1311 3397 1635 3462; x_wconf 88' lang='lat' dir='ltr'>Dobranych.</span> <span class='ocrx_word' id='word_1_168' title='bbox 1675 3396 1796 3449; x_wconf 89' lang='grc'><strong>349.</strong></span> 
     </span>
    </p>

    <p class='ocr_par' dir='ltr' id='par_1_33' title="bbox 623 3466 1736 3533">
     <span class='ocr_line' id='line_1_39' title="bbox 623 3466 1736 3533; baseline 0.003 -18"><span class='ocrx_word' id='word_1_169' title='bbox 623 3467 882 3531; x_wconf 86' lang='lat' dir='ltr'>Georgius</span> <span class='ocrx_word' id='word_1_170' title='bbox 921 3466 991 3519; x_wconf 85' lang='lat' dir='ltr'>fil.</span> <span class='ocrx_word' id='word_1_171' title='bbox 1030 3468 1186 3517; x_wconf 78' lang='lat' dir='ltr'>Blasii</span> <span class='ocrx_word' id='word_1_172' title='bbox 1226 3469 1288 3517; x_wconf 92' lang='lat' dir='ltr'>de</span> <span class='ocrx_word' id='word_1_173' title='bbox 1328 3469 1573 3533; x_wconf 87' lang='lat' dir='ltr'>Gorycza.</span> <span class='ocrx_word' id='word_1_174' title='bbox 1614 3468 1736 3521; x_wconf 90' lang='lat'>280.</span> 
     </span>
    </p>

    <p class='ocr_par' dir='ltr' id='par_1_34' title="bbox 623 3536 1843 3663">
     <span class='ocr_line' id='line_1_40' title="bbox 623 3536 1843 3603; baseline 0.001 -16"><span class='ocrx_word' id='word_1_175' title='bbox 623 3538 877 3603; x_wconf 84' lang='lat' dir='ltr'>Georgius</span> <span class='ocrx_word' id='word_1_176' title='bbox 915 3536 984 3587; x_wconf 80' lang='lat' dir='ltr'>fil.</span> <span class='ocrx_word' id='word_1_177' title='bbox 1024 3538 1272 3589; x_wconf 88' lang='lat' dir='ltr'>Demetrii</span> <span class='ocrx_word' id='word_1_178' title='bbox 1313 3538 1380 3591; x_wconf 88' lang='lat' dir='ltr'>fil.</span> <span class='ocrx_word' id='word_1_179' title='bbox 1421 3541 1653 3589; x_wconf 77' lang='lat' dir='ltr'>Andreae</span> <span class='ocrx_word' id='word_1_180' title='bbox 1713 3541 1843 3589; x_wconf 85' lang='lat' dir='ltr'>Kus-</span> 
     </span>
     <span class='ocr_line' id='line_1_41' title="bbox 686 3608 1258 3663; baseline 0.012 -6"><span class='ocrx_word' id='word_1_181' title='bbox 686 3624 772 3658; x_wconf 89' lang='lat' dir='ltr'>sae</span> <span class='ocrx_word' id='word_1_182' title='bbox 811 3609 876 3658; x_wconf 91' lang='lat' dir='ltr'>de</span> <span class='ocrx_word' id='word_1_183' title='bbox 915 3610 1101 3663; x_wconf 82' lang='lat' dir='ltr'>Losan.</span> <span class='ocrx_word' id='word_1_184' title='bbox 1137 3608 1258 3663; x_wconf 88' lang='grc'><strong>360.</strong></span> 
     </span>
    </p>

    <p class='ocr_par' dir='ltr' id='par_1_35' title="bbox 618 3680 1840 3747">
     <span class='ocr_line' id='line_1_42' title="bbox 618 3680 1840 3747; baseline 0.002 -18"><span class='ocrx_word' id='word_1_185' title='bbox 618 3680 874 3745; x_wconf 87' lang='lat' dir='ltr'>Georgius</span> <span class='ocrx_word' id='word_1_186' title='bbox 913 3680 980 3732; x_wconf 89' lang='grc'>61.</span> <span class='ocrx_word' id='word_1_187' title='bbox 1021 3681 1175 3731; x_wconf 86' lang='lat' dir='ltr'>chz</span> <span class='ocrx_word' id='word_1_188' title='bbox 1215 3682 1278 3731; x_wconf 86' lang='lat' dir='ltr'>de</span> <span class='ocrx_word' id='word_1_189' title='bbox 1317 3682 1678 3747; x_wconf 82' lang='lat' dir='ltr'>Gustinnycza.</span> <span class='ocrx_word' id='word_1_190' title='bbox 1718 3680 1840 3735; x_wconf 84' lang='lat'>385.</span> 
     </span>
    </p>

    <p class='ocr_par' dir='ltr' id='par_1_36' title="bbox 615 3750 1839 3818">
     <span class='ocr_line' id='line_1_43' title="bbox 615 3750 1839 3818; baseline 0.003 -17"><span class='ocrx_word' id='word_1_191' title='bbox 615 3752 871 3816; x_wconf 87' lang='lat' dir='ltr'>Georgius</span> <span class='ocrx_word' id='word_1_192' title='bbox 932 3750 1001 3804; x_wconf 92' lang='grc'>61.</span> <span class='ocrx_word' id='word_1_193' title='bbox 1042 3752 1206 3818; x_wconf 85' lang='lat' dir='ltr'>Egidii</span> <span class='ocrx_word' id='word_1_194' title='bbox 1248 3754 1311 3802; x_wconf 91' lang='lat' dir='ltr'>de</span> <span class='ocrx_word' id='word_1_195' title='bbox 1361 3754 1667 3805; x_wconf 86' lang='lat' dir='ltr'>Korilowcz.</span> <span class='ocrx_word' id='word_1_196' title='bbox 1717 3751 1839 3805; x_wconf 82' lang='lat'>254.</span> 
     </span>
    </p>

    <p class='ocr_par' dir='ltr' id='par_1_37' title="bbox 614 3894 1838 4163">
     <span class='ocr_line' id='line_1_44' title="bbox 614 3894 1838 3961; baseline 0.001 -18"><span class='ocrx_word' id='word_1_197' title='bbox 614 3894 870 3959; x_wconf 85' lang='lat' dir='ltr'>Georgius</span> <span class='ocrx_word' id='word_1_198' title='bbox 921 3894 989 3947; x_wconf 84' lang='lat' dir='ltr'>fil.</span> <span class='ocrx_word' id='word_1_199' title='bbox 1040 3894 1206 3959; x_wconf 85' lang='lat' dir='ltr'>Egidii</span> <span class='ocrx_word' id='word_1_200' title='bbox 1259 3896 1322 3945; x_wconf 90' lang='lat' dir='ltr'>de</span> <span class='ocrx_word' id='word_1_201' title='bbox 1383 3896 1694 3961; x_wconf 84' lang='lat' dir='ltr'>Korilowcz,</span> <span class='ocrx_word' id='word_1_202' title='bbox 1751 3911 1838 3945; x_wconf 89' lang='lat' dir='ltr'>su-</span> 
     </span>
     <span class='ocr_line' id='line_1_45' title="bbox 689 3965 1836 4030; baseline 0.003 -15"><span class='ocrx_word' id='word_1_203' title='bbox 689 3981 869 4030; x_wconf 79' lang='lat' dir='ltr'>panuS‚</span> <span class='ocrx_word' id='word_1_204' title='bbox 919 3981 1096 4015; x_wconf 86' lang='lat' dir='ltr'>comes</span> <span class='ocrx_word' id='word_1_205' title='bbox 1148 3976 1265 4018; x_wconf 89' lang='lat' dir='ltr'>terr.</span> <span class='ocrx_word' id='word_1_206' title='bbox 1324 3968 1379 4019; x_wconf 92' lang='lat' dir='ltr'>C.</span> <span class='ocrx_word' id='word_1_207' title='bbox 1435 3968 1489 4019; x_wconf 94' lang='lat' dir='ltr'>Z.</span> <span class='ocrx_word' id='word_1_208' title='bbox 1542 3966 1662 4019; x_wconf 88' lang='grc'><strong>264.</strong></span> <span class='ocrx_word' id='word_1_209' title='bbox 1716 3965 1836 4019; x_wconf 89' lang='grc'><strong>265.</strong></span> 
     </span>
     <span class='ocr_line' id='line_1_46' title="bbox 684 4035 1837 4091; baseline 0.002 -3"><span class='ocrx_word' id='word_1_210' title='bbox 684 4035 804 4088; x_wconf 90' lang='grc'><strong>266.</strong></span> <span class='ocrx_word' id='word_1_211' title='bbox 853 4036 975 4089; x_wconf 90' lang='grc'><strong>267.</strong></span> <span class='ocrx_word' id='word_1_212' title='bbox 1025 4036 1145 4089; x_wconf 91' lang='grc'><strong>268.</strong></span> <span class='ocrx_word' id='word_1_213' title='bbox 1197 4037 1318 4090; x_wconf 90' lang='grc'><strong>270.</strong></span> <span class='ocrx_word' id='word_1_214' title='bbox 1368 4037 1474 4091; x_wconf 90' lang='grc'>375</span> <span class='ocrx_word' id='word_1_215' title='bbox 1543 4037 1664 4091; x_wconf 87' lang='grc'><strong>279.</strong></span> <span class='ocrx_word' id='word_1_216' title='bbox 1717 4037 1837 4091; x_wconf 87' lang='grc'><strong>283.</strong></span> 
     </span>
     <span class='ocr_line' id='line_1_47' title="bbox 686 4106 1610 4163; baseline 0.003 -4"><span class='ocrx_word' id='word_1_217' title='bbox 686 4106 807 4160; x_wconf 90' lang='grc'><strong>287.</strong></span> <span class='ocrx_word' id='word_1_218' title='bbox 847 4107 967 4160; x_wconf 90' lang='grc'><strong>294.</strong></span> <span class='ocrx_word' id='word_1_219' title='bbox 1007 4106 1129 4161; x_wconf 90' lang='grc'><strong>328.</strong></span> <span class='ocrx_word' id='word_1_220' title='bbox 1167 4107 1288 4161; x_wconf 92' lang='grc'><strong>330.</strong></span> <span class='ocrx_word' id='word_1_221' title='bbox 1328 4108 1449 4162; x_wconf 88' lang='grc'><strong>331.</strong></span> <span class='ocrx_word' id='word_1_222' title='bbox 1487 4108 1610 4163; x_wconf 89' lang='grc'><strong>343.</strong></span> 
     </span>
    </p>

    <p class='ocr_par' dir='ltr' id='par_1_38' title="bbox 618 4178 1836 4303">
     <span class='ocr_line' id='line_1_48' title="bbox 618 4178 1836 4246; baseline 0.001 -18"><span class='ocrx_word' id='word_1_223' title='bbox 618 4179 876 4245; x_wconf 87' lang='lat' dir='ltr'>Georgius</span> <span class='ocrx_word' id='word_1_224' title='bbox 915 4178 982 4231; x_wconf 87' lang='lat' dir='ltr'>fil.</span> <span class='ocrx_word' id='word_1_225' title='bbox 1023 4180 1189 4246; x_wconf 89' lang='lat' dir='ltr'>Egidii</span> <span class='ocrx_word' id='word_1_226' title='bbox 1241 4180 1308 4233; x_wconf 86' lang='lat' dir='ltr'>fil.</span> <span class='ocrx_word' id='word_1_227' title='bbox 1350 4181 1543 4230; x_wconf 85' lang='lat' dir='ltr'>Nicolai</span> <span class='ocrx_word' id='word_1_228' title='bbox 1583 4182 1646 4230; x_wconf 93' lang='lat' dir='ltr'>de</span> <span class='ocrx_word' id='word_1_229' title='bbox 1688 4180 1836 4230; x_wconf 89' lang='lat' dir='ltr'>Kori-</span> 
     </span>
     <span class='ocr_line' id='line_1_49' title="bbox 687 4249 1023 4303; baseline 0.012 -4"><span class='ocrx_word' id='word_1_230' title='bbox 687 4252 864 4301; x_wconf 91' lang='lat' dir='ltr'>lowcz.</span> <span class='ocrx_word' id='word_1_231' title='bbox 903 4249 1023 4303; x_wconf 88' lang='grc'><strong>263.</strong></span> 
     </span>
    </p>

    <p class='ocr_par' dir='ltr' id='par_1_39' title="bbox 614 4320 1836 4457">
     <span class='ocr_line' id='line_1_50' title="bbox 614 4320 1836 4387; baseline 0.002 -17"><span class='ocrx_word' id='word_1_232' title='bbox 614 4321 869 4387; x_wconf 88' lang='lat' dir='ltr'>Georgius</span> <span class='ocrx_word' id='word_1_233' title='bbox 920 4321 990 4375; x_wconf 84' lang='lat' dir='ltr'>fil.</span> <span class='ocrx_word' id='word_1_234' title='bbox 1040 4321 1231 4370; x_wconf 85' lang='lat' dir='ltr'>Elenae</span> <span class='ocrx_word' id='word_1_235' title='bbox 1283 4320 1353 4374; x_wconf 89' lang='grc'>61.</span> <span class='ocrx_word' id='word_1_236' title='bbox 1404 4323 1566 4372; x_wconf 87' lang='lat' dir='ltr'>Miren</span> <span class='ocrx_word' id='word_1_237' title='bbox 1621 4324 1683 4372; x_wconf 93' lang='lat' dir='ltr'>de</span> <span class='ocrx_word' id='word_1_238' title='bbox 1737 4322 1836 4372; x_wconf 83' lang='lat' dir='ltr'>Ra-</span> 
     </span>
     <span class='ocr_line' id='line_1_51' title="bbox 687 4391 1298 4457; baseline 0.003 -16"><span class='ocrx_word' id='word_1_239' title='bbox 687 4392 974 4457; x_wconf 83' lang='lat' dir='ltr'>kythowcz.</span> <span class='ocrx_word' id='word_1_240' title='bbox 1013 4392 1134 4445; x_wconf 87' lang='lat'>262.</span> <span class='ocrx_word' id='word_1_241' title='bbox 1175 4391 1298 4445; x_wconf 85' lang='lat'>263.</span> 
     </span>
    </p>

    <p class='ocr_par' dir='ltr' id='par_1_40' title="bbox 614 4462 1724 4530">
     <span class='ocr_line' id='line_1_52' title="bbox 614 4462 1724 4530; baseline 0.006 -18"><span class='ocrx_word' id='word_1_242' title='bbox 614 4463 871 4529; x_wconf 87' lang='lat' dir='ltr'>Georgius</span> <span class='ocrx_word' id='word_1_243' title='bbox 911 4462 980 4513; x_wconf 87' lang='lat' dir='ltr'>fil.</span> <span class='ocrx_word' id='word_1_244' title='bbox 1021 4464 1178 4528; x_wconf 86' lang='lat' dir='ltr'>Elyae</span> <span class='ocrx_word' id='word_1_245' title='bbox 1217 4464 1280 4513; x_wconf 91' lang='lat' dir='ltr'>de</span> <span class='ocrx_word' id='word_1_246' title='bbox 1317 4464 1565 4530; x_wconf 85' lang='lat' dir='ltr'>Gorycza.</span> <span class='ocrx_word' id='word_1_247' title='bbox 1603 4464 1724 4519; x_wconf 90' lang='lat'>278.</span> 
     </span>
    </p>

    <p class='ocr_par' dir='ltr' id='par_1_41' title="bbox 613 4533 1637 4600">
     <span class='ocr_line' id='line_1_53' title="bbox 613 4533 1637 4600; baseline 0.008 -17"><span class='ocrx_word' id='word_1_248' title='bbox 613 4534 872 4600; x_wconf 86' lang='lat' dir='ltr'>Georgius</span> <span class='ocrx_word' id='word_1_249' title='bbox 913 4534 984 4583; x_wconf 86' lang='lat' dir='ltr'>fil.</span> <span class='ocrx_word' id='word_1_250' title='bbox 1025 4533 1167 4584; x_wconf 81' lang='lat' dir='ltr'>Eliae</span> <span class='ocrx_word' id='word_1_251' title='bbox 1204 4536 1268 4584; x_wconf 90' lang='lat' dir='ltr'>de</span> <span class='ocrx_word' id='word_1_252' title='bbox 1309 4536 1478 4589; x_wconf 85' lang='lat' dir='ltr'>Plezo.</span> <span class='ocrx_word' id='word_1_253' title='bbox 1517 4536 1637 4591; x_wconf 89' lang='lat'>268.</span> 
     </span>
    </p>

    <p class='ocr_par' dir='ltr' id='par_1_42' title="bbox 613 4604 1406 4671">
     <span class='ocr_line' id='line_1_54' title="bbox 613 4604 1406 4671; baseline 0.004 -17"><span class='ocrx_word' id='word_1_254' title='bbox 613 4605 872 4671; x_wconf 85' lang='lat' dir='ltr'>Georgius</span> <span class='ocrx_word' id='word_1_255' title='bbox 909 4604 980 4655; x_wconf 88' lang='grc'>61.</span> <span class='ocrx_word' id='word_1_256' title='bbox 1023 4604 1245 4658; x_wconf 82' lang='lat' dir='ltr'>Fabiani.</span> <span class='ocrx_word' id='word_1_257' title='bbox 1285 4606 1406 4659; x_wconf 89' lang='grc'><strong>162.</strong></span> 
     </span>
    </p>

    <p class='ocr_par' dir='ltr' id='par_1_43' title="bbox 612 4675 1834 4813">
     <span class='ocr_line' id='line_1_55' title="bbox 612 4675 1834 4741; baseline 0.003 -16"><span class='ocrx_word' id='word_1_258' title='bbox 612 4676 870 4741; x_wconf 86' lang='lat' dir='ltr'>Georgius</span> <span class='ocrx_word' id='word_1_259' title='bbox 927 4675 998 4729; x_wconf 86' lang='grc'>61.</span> <span class='ocrx_word' id='word_1_260' title='bbox 1037 4677 1262 4727; x_wconf 83' lang='lat' dir='ltr'>Farkasii</span> <span class='ocrx_word' id='word_1_261' title='bbox 1313 4678 1377 4727; x_wconf 89' lang='lat' dir='ltr'>de</span> <span class='ocrx_word' id='word_1_262' title='bbox 1428 4679 1606 4741; x_wconf 65' lang='lat' dir='ltr'>libres,</span> <span class='ocrx_word' id='word_1_263' title='bbox 1657 4693 1834 4729; x_wconf 89' lang='lat' dir='ltr'>comes</span> 
     </span>
     <span class='ocr_line' id='line_1_56' title="bbox 685 4746 1152 4813; baseline 0.006 -16"><span class='ocrx_word' id='word_1_264' title='bbox 685 4748 830 4813; x_wconf 85' lang='lat' dir='ltr'>Zagr.</span> <span class='ocrx_word' id='word_1_265' title='bbox 869 4746 992 4800; x_wconf 89' lang='grc'><strong>303.</strong></span> <span class='ocrx_word' id='word_1_266' title='bbox 1031 4746 1152 4800; x_wconf 89' lang='grc'><strong>381.</strong></span> 
     </span>
    </p>

    <p class='ocr_par' dir='ltr' id='par_1_44' title="bbox 612 4818 1831 4886">
     <span class='ocr_line' id='line_1_57' title="bbox 612 4818 1831 4886; baseline 0.006 -19"><span class='ocrx_word' id='word_1_267' title='bbox 612 4819 867 4884; x_wconf 87' lang='lat' dir='ltr'>Georgius</span> <span class='ocrx_word' id='word_1_268' title='bbox 907 4818 974 4871; x_wconf 87' lang='lat' dir='ltr'>fil.</span> <span class='ocrx_word' id='word_1_269' title='bbox 1003 4818 1259 4869; x_wconf 83' lang='lat' dir='ltr'>Francisci</span> <span class='ocrx_word' id='word_1_270' title='bbox 1282 4821 1344 4869; x_wconf 92' lang='lat' dir='ltr'>de</span> <span class='ocrx_word' id='word_1_271' title='bbox 1365 4822 1674 4886; x_wconf 88' lang='lat' dir='ltr'>Zenthpeter</span> <span class='ocrx_word' id='word_1_272' title='bbox 1713 4820 1831 4874; x_wconf 86' lang='grc'><strong>165.</strong></span> 
     </span>
    </p>

    <p class='ocr_par' dir='ltr' id='par_1_45' title="bbox 614 4890 1654 4956">
     <span class='ocr_line' id='line_1_58' title="bbox 614 4890 1654 4956; baseline 0.007 -18"><span class='ocrx_word' id='word_1_273' title='bbox 614 4890 871 4956; x_wconf 88' lang='lat' dir='ltr'>Georgius</span> <span class='ocrx_word' id='word_1_274' title='bbox 909 4890 978 4942; x_wconf 87' lang='lat' dir='ltr'>fil.</span> <span class='ocrx_word' id='word_1_275' title='bbox 1018 4890 1244 4956; x_wconf 88' lang='lat' dir='ltr'>Georgii.</span> <span class='ocrx_word' id='word_1_276' title='bbox 1283 4890 1369 4944; x_wconf 85' lang='lat'>43.</span> <span class='ocrx_word' id='word_1_277' title='bbox 1411 4891 1494 4944; x_wconf 91' lang='grc'>74.</span> <span class='ocrx_word' id='word_1_278' title='bbox 1535 4892 1654 4945; x_wconf 92' lang='grc'><strong>174.</strong></span> 
     </span>
    </p>

    <p class='ocr_par' dir='ltr' id='par_1_46' title="bbox 610 4960 1705 5028">
     <span class='ocr_line' id='line_1_59' title="bbox 610 4960 1705 5028; baseline 0.005 -19"><span class='ocrx_word' id='word_1_279' title='bbox 610 4960 866 5027; x_wconf 87' lang='lat' dir='ltr'>Georgius</span> <span class='ocrx_word' id='word_1_280' title='bbox 905 4960 973 5013; x_wconf 88' lang='lat' dir='ltr'>fil.</span> <span class='ocrx_word' id='word_1_281' title='bbox 1013 4961 1224 5028; x_wconf 86' lang='lat' dir='ltr'>Georgii</span> <span class='ocrx_word' id='word_1_282' title='bbox 1264 4963 1328 5012; x_wconf 90' lang='lat' dir='ltr'>de</span> <span class='ocrx_word' id='word_1_283' title='bbox 1365 4963 1582 5028; x_wconf 82' lang='lat' dir='ltr'>Campo.</span> <span class='ocrx_word' id='word_1_284' title='bbox 1620 4960 1705 5015; x_wconf 86' lang='lat'>63.</span> 
     </span>
    </p>
   </div>
   <div class='ocr_carea' id='block_1_9' title="bbox 3063 422 3198 491">
    <p class='ocr_par' dir='ltr' id='par_1_47' title="bbox 3063 422 3198 491">
     <span class='ocr_line' id='line_1_60' title="bbox 3063 422 3198 491; baseline 0 0"><span class='ocrx_word' id='word_1_285' title='bbox 3063 422 3198 491; x_wconf 84' lang='grc'><strong>487</strong></span> 
     </span>
    </p>
   </div>
   <div class='ocr_carea' id='block_1_10' title="bbox 2847 542 3129 549">
    <p class='ocr_par' dir='ltr' id='par_1_48' title="bbox 2847 542 3129 549">
     <span class='ocr_line' id='line_1_61' title="bbox 2847 542 3129 549; baseline 0 5043"><span class='ocrx_word' id='word_1_286' title='bbox 2847 542 3129 549; x_wconf 95' lang='lat' dir='ltr'> </span> 
     </span>
    </p>
   </div>
   <div class='ocr_carea' id='block_1_11' title="bbox 2021 542 2321 550">
    <p class='ocr_par' dir='ltr' id='par_1_49' title="bbox 2021 542 2321 550">
     <span class='ocr_line' id='line_1_62' title="bbox 2021 542 2321 550; baseline 0 5042"><span class='ocrx_word' id='word_1_287' title='bbox 2021 542 2321 550; x_wconf 95' lang='lat' dir='ltr'> </span> 
     </span>
    </p>
   </div>
   <div class='ocr_carea' id='block_1_12' title="bbox 2405 542 2720 551">
    <p class='ocr_par' dir='ltr' id='par_1_50' title="bbox 2405 542 2720 551">
     <span class='ocr_line' id='line_1_63' title="bbox 2405 542 2720 551; baseline 0 5041"><span class='ocrx_word' id='word_1_288' title='bbox 2405 542 2720 551; x_wconf 95' lang='lat' dir='ltr'> </span> 
     </span>
    </p>
   </div>
   <div class='ocr_carea' id='block_1_13' title="bbox 2766 543 2842 550">
    <p class='ocr_par' dir='ltr' id='par_1_51' title="bbox 2766 543 2842 550">
     <span class='ocr_line' id='line_1_64' title="bbox 2766 543 2842 550; baseline -0.013 -1"><span class='ocrx_word' id='word_1_289' title='bbox 2766 543 2842 550; x_wconf 69' lang='lat'>—--</span> 
     </span>
    </p>
   </div>
   <div class='ocr_carea' id='block_1_14' title="bbox 1964 661 3189 1731">
    <p class='ocr_par' dir='ltr' id='par_1_52' title="bbox 1972 661 3189 730">
     <span class='ocr_line' id='line_1_65' title="bbox 1972 661 3189 730; baseline 0.002 -17"><span class='ocrx_word' id='word_1_290' title='bbox 1972 664 2231 730; x_wconf 87' lang='lat' dir='ltr'>Georgius</span> <span class='ocrx_word' id='word_1_291' title='bbox 2258 662 2325 715; x_wconf 88' lang='lat' dir='ltr'>fil.</span> <span class='ocrx_word' id='word_1_292' title='bbox 2355 664 2607 713; x_wconf 84' lang='lat' dir='ltr'>Gerdalka</span> <span class='ocrx_word' id='word_1_293' title='bbox 2628 664 2690 712; x_wconf 90' lang='lat' dir='ltr'>de</span> <span class='ocrx_word' id='word_1_294' title='bbox 2712 662 3042 728; x_wconf 85' lang='lat' dir='ltr'>Korylowch.</span> <span class='ocrx_word' id='word_1_295' title='bbox 3072 661 3189 715; x_wconf 84' lang='lat'>147.</span> 
     </span>
    </p>

    <p class='ocr_par' dir='ltr' id='par_1_53' title="bbox 1972 732 2718 801">
     <span class='ocr_line' id='line_1_66' title="bbox 1972 732 2718 801; baseline -0.003 -16"><span class='ocrx_word' id='word_1_296' title='bbox 1972 734 2229 801; x_wconf 88' lang='lat' dir='ltr'>Georgius</span> <span class='ocrx_word' id='word_1_297' title='bbox 2268 734 2335 787; x_wconf 86' lang='lat' dir='ltr'>fil.</span> <span class='ocrx_word' id='word_1_298' title='bbox 2377 735 2559 784; x_wconf 82' lang='lat' dir='ltr'>iacobi.</span> <span class='ocrx_word' id='word_1_299' title='bbox 2599 732 2718 787; x_wconf 87' lang='lat'>103.</span> 
     </span>
    </p>

    <p class='ocr_par' dir='ltr' id='par_1_54' title="bbox 1970 803 3187 872">
     <span class='ocr_line' id='line_1_67' title="bbox 1970 803 3187 872; baseline -0.001 -15"><span class='ocrx_word' id='word_1_300' title='bbox 1970 807 2226 872; x_wconf 89' lang='lat' dir='ltr'>Georgius</span> <span class='ocrx_word' id='word_1_301' title='bbox 2248 806 2317 857; x_wconf 87' lang='lat' dir='ltr'>fil.</span> <span class='ocrx_word' id='word_1_302' title='bbox 2342 807 2507 857; x_wconf 89' lang='lat' dir='ltr'>lacobi</span> <span class='ocrx_word' id='word_1_303' title='bbox 2526 807 2589 856; x_wconf 92' lang='lat' dir='ltr'>de</span> <span class='ocrx_word' id='word_1_304' title='bbox 2612 806 2904 858; x_wconf 85' lang='lat' dir='ltr'>Moraucha.</span> <span class='ocrx_word' id='word_1_305' title='bbox 2927 803 3045 857; x_wconf 91' lang='grc'><strong>131.</strong></span> <span class='ocrx_word' id='word_1_306' title='bbox 3067 803 3187 858; x_wconf 90' lang='grc'><strong>143.</strong></span> 
     </span>
    </p>

    <p class='ocr_par' dir='ltr' id='par_1_55' title="bbox 1969 876 2870 944">
     <span class='ocr_line' id='line_1_68' title="bbox 1969 876 2870 944; baseline 0.002 -15"><span class='ocrx_word' id='word_1_307' title='bbox 1969 879 2228 944; x_wconf 86' lang='lat' dir='ltr'>Georgius</span> <span class='ocrx_word' id='word_1_308' title='bbox 2266 889 2415 929; x_wconf 88' lang='lat' dir='ltr'>natus</span> <span class='ocrx_word' id='word_1_309' title='bbox 2454 878 2709 931; x_wconf 87' lang='lat' dir='ltr'>Iohannis.</span> <span class='ocrx_word' id='word_1_310' title='bbox 2751 876 2870 930; x_wconf 85' lang='lat'>133.</span> 
     </span>
    </p>

    <p class='ocr_par' dir='ltr' id='par_1_56' title="bbox 1969 949 2653 1016">
     <span class='ocr_line' id='line_1_69' title="bbox 1969 949 2653 1016; baseline 0 -17"><span class='ocrx_word' id='word_1_311' title='bbox 1969 950 2227 1016; x_wconf 87' lang='lat' dir='ltr'>Georgius</span> <span class='ocrx_word' id='word_1_312' title='bbox 2266 950 2335 1003; x_wconf 88' lang='lat' dir='ltr'>fil.</span> <span class='ocrx_word' id='word_1_313' title='bbox 2375 951 2527 1001; x_wconf 79' lang='lat' dir='ltr'>[wan.</span> <span class='ocrx_word' id='word_1_314' title='bbox 2566 949 2653 1001; x_wconf 88' lang='lat'>90.</span> 
     </span>
    </p>

    <p class='ocr_par' dir='ltr' id='par_1_57' title="bbox 1968 1019 3189 1087">
     <span class='ocr_line' id='line_1_70' title="bbox 1968 1019 3189 1087; baseline -0.004 -16"><span class='ocrx_word' id='word_1_315' title='bbox 1968 1022 2226 1087; x_wconf 86' lang='lat' dir='ltr'>Georgius</span> <span class='ocrx_word' id='word_1_316' title='bbox 2254 1022 2321 1074; x_wconf 90' lang='grc'>61.</span> <span class='ocrx_word' id='word_1_317' title='bbox 2350 1022 2504 1084; x_wconf 85' lang='lat' dir='ltr'>Iwan,</span> <span class='ocrx_word' id='word_1_318' title='bbox 2523 1021 2677 1070; x_wconf 87' lang='lat' dir='ltr'>iudex</span> <span class='ocrx_word' id='word_1_319' title='bbox 2703 1022 2823 1074; x_wconf 90' lang='lat' dir='ltr'>nob.</span> <span class='ocrx_word' id='word_1_320' title='bbox 2846 1019 3022 1072; x_wconf 89' lang='lat' dir='ltr'>comit.</span> <span class='ocrx_word' id='word_1_321' title='bbox 3042 1020 3189 1082; x_wconf 79' lang='lat' dir='ltr'>Zagr.</span> 
     </span>
    </p>

    <p class='ocr_par' dir='ltr' id='par_1_58' title="bbox 1968 1161 3187 1231">
     <span class='ocr_line' id='line_1_71' title="bbox 1968 1161 3187 1231; baseline -0.002 -17"><span class='ocrx_word' id='word_1_322' title='bbox 1968 1165 2227 1231; x_wconf 91' lang='lat' dir='ltr'>Georgius</span> <span class='ocrx_word' id='word_1_323' title='bbox 2254 1163 2321 1217; x_wconf 92' lang='grc'>61.</span> <span class='ocrx_word' id='word_1_324' title='bbox 2353 1166 2486 1215; x_wconf 87' lang='lat' dir='ltr'>lwan</span> <span class='ocrx_word' id='word_1_325' title='bbox 2516 1166 2579 1215; x_wconf 91' lang='lat' dir='ltr'>de</span> <span class='ocrx_word' id='word_1_326' title='bbox 2600 1165 2883 1229; x_wconf 82' lang='lat' dir='ltr'>Mrachlyn.</span> <span class='ocrx_word' id='word_1_327' title='bbox 2924 1161 3044 1215; x_wconf 89' lang='grc'><strong>231.</strong></span> <span class='ocrx_word' id='word_1_328' title='bbox 3066 1161 3187 1213; x_wconf 85' lang='grc'><strong>232.</strong></span> 
     </span>
    </p>

    <p class='ocr_par' dir='ltr' id='par_1_59' title="bbox 1967 1235 3187 1361">
     <span class='ocr_line' id='line_1_72' title="bbox 1967 1235 3187 1301; baseline -0.003 -16"><span class='ocrx_word' id='word_1_329' title='bbox 1967 1236 2225 1301; x_wconf 90' lang='lat' dir='ltr'>Georgius</span> <span class='ocrx_word' id='word_1_330' title='bbox 2263 1235 2331 1288; x_wconf 86' lang='lat' dir='ltr'>fil.</span> <span class='ocrx_word' id='word_1_331' title='bbox 2376 1238 2509 1285; x_wconf 84' lang='lat' dir='ltr'>lwan</span> <span class='ocrx_word' id='word_1_332' title='bbox 2562 1236 2629 1289; x_wconf 87' lang='lat' dir='ltr'>fil.</span> <span class='ocrx_word' id='word_1_333' title='bbox 2672 1235 2870 1300; x_wconf 85' lang='lat' dir='ltr'>lwsych</span> <span class='ocrx_word' id='word_1_334' title='bbox 2920 1236 2982 1284; x_wconf 90' lang='lat' dir='ltr'>de</span> <span class='ocrx_word' id='word_1_335' title='bbox 3024 1235 3187 1298; x_wconf 80' lang='lat' dir='ltr'>Kory-</span> 
     </span>
     <span class='ocr_line' id='line_1_73' title="bbox 2037 1307 2535 1361; baseline 0.006 -3"><span class='ocrx_word' id='word_1_336' title='bbox 2037 1310 2214 1359; x_wconf 82' lang='lat' dir='ltr'>lowcz.</span> <span class='ocrx_word' id='word_1_337' title='bbox 2254 1308 2374 1361; x_wconf 88' lang='grc'><strong>276.</strong></span> <span class='ocrx_word' id='word_1_338' title='bbox 2414 1307 2535 1361; x_wconf 88' lang='grc'><strong>343.</strong></span> 
     </span>
    </p>

    <p class='ocr_par' dir='ltr' id='par_1_60' title="bbox 1966 1372 2679 1446">
     <span class='ocr_line' id='line_1_74' title="bbox 1966 1372 2679 1446; baseline 0.001 -17"><span class='ocrx_word' id='word_1_339' title='bbox 1966 1378 2224 1446; x_wconf 91' lang='lat' dir='ltr'>Georgius</span> <span class='ocrx_word' id='word_1_340' title='bbox 2262 1379 2330 1431; x_wconf 88' lang='lat' dir='ltr'>fil.</span> <span class='ocrx_word' id='word_1_341' title='bbox 2370 1379 2607 1432; x_wconf 87' lang='lat' dir='ltr'>Ladislai.</span> <span class='ocrx_word' id='word_1_342' title='bbox 2650 1372 2679 1430; x_wconf 89' lang='lat'>1</span> 
     </span>
    </p>

    <p class='ocr_par' dir='ltr' id='par_1_61' title="bbox 1965 1442 3015 1517">
     <span class='ocr_line' id='line_1_75' title="bbox 1965 1442 3015 1517; baseline 0.001 -17"><span class='ocrx_word' id='word_1_343' title='bbox 1965 1450 2223 1517; x_wconf 87' lang='lat' dir='ltr'>Georgius</span> <span class='ocrx_word' id='word_1_344' title='bbox 2261 1467 2406 1516; x_wconf 87' lang='lat' dir='ltr'>puer,</span> <span class='ocrx_word' id='word_1_345' title='bbox 2446 1450 2583 1501; x_wconf 88' lang='lat' dir='ltr'>filius</span> <span class='ocrx_word' id='word_1_346' title='bbox 2621 1450 2858 1503; x_wconf 80' lang='lat' dir='ltr'>Ladislai.</span> <span class='ocrx_word' id='word_1_347' title='bbox 2897 1442 3015 1502; x_wconf 88' lang='grc'><strong>115.</strong></span> 
     </span>
    </p>

    <p class='ocr_par' dir='ltr' id='par_1_62' title="bbox 1966 1521 2760 1590">
     <span class='ocr_line' id='line_1_76' title="bbox 1966 1521 2760 1590; baseline 0.003 -18"><span class='ocrx_word' id='word_1_348' title='bbox 1966 1522 2225 1590; x_wconf 85' lang='lat' dir='ltr'>Georgius</span> <span class='ocrx_word' id='word_1_349' title='bbox 2264 1522 2331 1575; x_wconf 86' lang='grc'>61.</span> <span class='ocrx_word' id='word_1_350' title='bbox 2374 1522 2594 1575; x_wconf 88' lang='lat' dir='ltr'>Lucasii.</span> <span class='ocrx_word' id='word_1_351' title='bbox 2640 1521 2760 1575; x_wconf 90' lang='grc'><strong>147.</strong></span> 
     </span>
    </p>

    <p class='ocr_par' dir='ltr' id='par_1_63' title="bbox 1964 1590 3123 1661">
     <span class='ocr_line' id='line_1_77' title="bbox 1964 1590 3123 1661; baseline 0.001 -17"><span class='ocrx_word' id='word_1_352' title='bbox 1964 1595 2221 1661; x_wconf 86' lang='lat' dir='ltr'>Georgius</span> <span class='ocrx_word' id='word_1_353' title='bbox 2260 1593 2329 1646; x_wconf 84' lang='lat' dir='ltr'>fil.</span> <span class='ocrx_word' id='word_1_354' title='bbox 2370 1594 2588 1655; x_wconf 86' lang='lat' dir='ltr'>Martini,</span> <span class='ocrx_word' id='word_1_355' title='bbox 2627 1608 2805 1643; x_wconf 90' lang='lat' dir='ltr'>comes</span> <span class='ocrx_word' id='word_1_356' title='bbox 2843 1603 2963 1645; x_wconf 87' lang='lat' dir='ltr'>terr.</span> <span class='ocrx_word' id='word_1_357' title='bbox 3004 1590 3123 1645; x_wconf 89' lang='grc'><strong>115.</strong></span> 
     </span>
    </p>

    <p class='ocr_par' dir='ltr' id='par_1_64' title="bbox 1964 1664 3186 1731">
     <span class='ocr_line' id='line_1_78' title="bbox 1964 1664 3186 1731; baseline 0 -16"><span class='ocrx_word' id='word_1_358' title='bbox 1964 1666 2221 1731; x_wconf 85' lang='lat' dir='ltr'>Georgius</span> <span class='ocrx_word' id='word_1_359' title='bbox 2260 1664 2329 1718; x_wconf 89' lang='grc'>61.</span> <span class='ocrx_word' id='word_1_360' title='bbox 2370 1666 2571 1715; x_wconf 82' lang='lat' dir='ltr'>Martini</span> <span class='ocrx_word' id='word_1_361' title='bbox 2610 1665 2673 1715; x_wconf 91' lang='lat' dir='ltr'>de</span> <span class='ocrx_word' id='word_1_362' title='bbox 2726 1664 2816 1717; x_wconf 81' lang='lat' dir='ltr'>lnf.</span> <span class='ocrx_word' id='word_1_363' title='bbox 2856 1664 3186 1729; x_wconf 87' lang='lat' dir='ltr'>Lompnicza.</span> 
     </span>
    </p>
   </div>
   <div class='ocr_carea' id='block_1_15' title="bbox 1965 1737 3186 1876">
    <p class='ocr_par' dir='ltr' id='par_1_65' title="bbox 1965 1737 3186 1876">
     <span class='ocr_line' id='line_1_79' title="bbox 1965 1737 3186 1876; baseline -0.001 -17"><span class='ocrx_word' id='word_1_364' title='bbox 1965 1737 2223 1876; x_wconf 57' lang='grc' dir='ltr'>Οεῖῗὲξυε</span> <span class='ocrx_word' id='word_1_365' title='bbox 2262 1807 2330 1861; x_wconf 94' lang='grc'>61.</span> <span class='ocrx_word' id='word_1_366' title='bbox 2371 1808 2575 1873; x_wconf 86' lang='lat' dir='ltr'>Mathey</span> <span class='ocrx_word' id='word_1_367' title='bbox 2603 1809 2667 1859; x_wconf 89' lang='lat' dir='ltr'>de</span> <span class='ocrx_word' id='word_1_368' title='bbox 2694 1808 3024 1859; x_wconf 87' lang='lat' dir='ltr'>Borizlowcz.</span> <span class='ocrx_word' id='word_1_369' title='bbox 3064 1806 3186 1859; x_wconf 88' lang='grc'><strong>249.</strong></span> 
     </span>
    </p>
   </div>
   <div class='ocr_carea' id='block_1_16' title="bbox 1966 1880 3189 2089">
    <p class='ocr_par' dir='ltr' id='par_1_66' title="bbox 1966 1880 3189 2089">
     <span class='ocr_line' id='line_1_80' title="bbox 1966 1880 3187 2018; baseline 0 -18"><span class='ocrx_word' id='word_1_370' title='bbox 1966 1880 2224 2018; x_wconf 56' lang='grc' dir='ltr'>Οοίῗὲἦυε</span> <span class='ocrx_word' id='word_1_371' title='bbox 2264 1950 2332 2004; x_wconf 92' lang='grc'>61.</span> <span class='ocrx_word' id='word_1_372' title='bbox 2374 1952 2566 2016; x_wconf 88' lang='lat' dir='ltr'>Melycz</span> <span class='ocrx_word' id='word_1_373' title='bbox 2604 1954 2669 2001; x_wconf 91' lang='lat' dir='ltr'>de</span> <span class='ocrx_word' id='word_1_374' title='bbox 2706 1950 3006 2016; x_wconf 82' lang='lat' dir='ltr'>Mozychan.</span> <span class='ocrx_word' id='word_1_375' title='bbox 3066 1948 3187 2003; x_wconf 82' lang='lat'>326.</span> 
     </span>
     <span class='ocr_line' id='line_1_81' title="bbox 1968 2020 3189 2089; baseline -0.001 -16"><span class='ocrx_word' id='word_1_376' title='bbox 1968 2023 2225 2089; x_wconf 89' lang='lat' dir='ltr'>Georgius</span> <span class='ocrx_word' id='word_1_377' title='bbox 2252 2022 2319 2075; x_wconf 83' lang='lat' dir='ltr'>fil.</span> <span class='ocrx_word' id='word_1_378' title='bbox 2351 2022 2612 2073; x_wconf 82' lang='lat' dir='ltr'>Michaelis</span> <span class='ocrx_word' id='word_1_379' title='bbox 2634 2023 2700 2073; x_wconf 87' lang='lat' dir='ltr'>de-</span> <span class='ocrx_word' id='word_1_380' title='bbox 2718 2022 2898 2074; x_wconf 81' lang='lat' dir='ltr'>Mlaka.</span> <span class='ocrx_word' id='word_1_381' title='bbox 2920 2020 3041 2075; x_wconf 89' lang='grc'><strong>334.</strong></span> <span class='ocrx_word' id='word_1_382' title='bbox 3068 2020 3189 2073; x_wconf 89' lang='grc'><strong>415.</strong></span> 
     </span>
    </p>
   </div>
   <div class='ocr_carea' id='block_1_17' title="bbox 1967 2092 3187 2219">
    <p class='ocr_par' dir='ltr' id='par_1_67' title="bbox 1967 2092 3187 2219">
     <span class='ocr_line' id='line_1_82' title="bbox 1967 2092 3187 2219; baseline 0 -75"><span class='ocrx_word' id='word_1_383' title='bbox 1967 2095 2225 2219; x_wconf 56' lang='lat' dir='ltr'>Gepggius</span> <span class='ocrx_word' id='word_1_384' title='bbox 2266 2092 2335 2147; x_wconf 87' lang='lat' dir='ltr'>fil.</span> <span class='ocrx_word' id='word_1_385' title='bbox 2376 2094 2640 2144; x_wconf 85' lang='lat' dir='ltr'>Michaelis</span> <span class='ocrx_word' id='word_1_386' title='bbox 2680 2094 2852 2161; x_wconf 85' lang='lat' dir='ltr'>magni</span> <span class='ocrx_word' id='word_1_387' title='bbox 2904 2094 2968 2142; x_wconf 91' lang='lat' dir='ltr'>de</span> <span class='ocrx_word' id='word_1_388' title='bbox 3008 2093 3187 2144; x_wconf 81' lang='lat' dir='ltr'>Mlaka.</span> 
     </span>
    </p>
   </div>
   <div class='ocr_carea' id='block_1_18' title="bbox 1967 2252 3190 2809">
    <p class='ocr_par' dir='ltr' id='par_1_68' title="bbox 1967 2252 3187 2322">
     <span class='ocr_line' id='line_1_83' title="bbox 1967 2252 3187 2322; baseline -0.001 -17"><span class='ocrx_word' id='word_1_389' title='bbox 1967 2256 2219 2322; x_wconf 87' lang='lat' dir='ltr'>Georgius</span> <span class='ocrx_word' id='word_1_390' title='bbox 2256 2255 2327 2306; x_wconf 86' lang='lat' dir='ltr'>fil.</span> <span class='ocrx_word' id='word_1_391' title='bbox 2366 2256 2582 2321; x_wconf 84' lang='lat' dir='ltr'>Mykech</span> <span class='ocrx_word' id='word_1_392' title='bbox 2623 2256 2684 2305; x_wconf 92' lang='lat' dir='ltr'>de</span> <span class='ocrx_word' id='word_1_393' title='bbox 2718 2254 3025 2307; x_wconf 81' lang='lat' dir='ltr'>Lokawech.</span> <span class='ocrx_word' id='word_1_394' title='bbox 3064 2252 3187 2306; x_wconf 89' lang='lat'>220.</span> 
     </span>
    </p>

    <p class='ocr_par' dir='ltr' id='par_1_69' title="bbox 1967 2326 2737 2392">
     <span class='ocr_line' id='line_1_84' title="bbox 1967 2326 2737 2392; baseline 0.004 -16"><span class='ocrx_word' id='word_1_395' title='bbox 1967 2327 2223 2392; x_wconf 83' lang='lat' dir='ltr'>Georgius</span> <span class='ocrx_word' id='word_1_396' title='bbox 2261 2327 2328 2380; x_wconf 85' lang='lat' dir='ltr'>fil.</span> <span class='ocrx_word' id='word_1_397' title='bbox 2368 2328 2580 2379; x_wconf 87' lang='lat' dir='ltr'>Nicolai.</span> <span class='ocrx_word' id='word_1_398' title='bbox 2619 2326 2737 2379; x_wconf 89' lang='grc'><strong>193.</strong></span> 
     </span>
    </p>

    <p class='ocr_par' dir='ltr' id='par_1_70' title="bbox 1967 2396 3055 2464">
     <span class='ocr_line' id='line_1_85' title="bbox 1967 2396 3055 2464; baseline 0.002 -16"><span class='ocrx_word' id='word_1_399' title='bbox 1967 2399 2224 2464; x_wconf 89' lang='lat' dir='ltr'>Georgius</span> <span class='ocrx_word' id='word_1_400' title='bbox 2262 2398 2331 2451; x_wconf 88' lang='lat' dir='ltr'>fil.</span> <span class='ocrx_word' id='word_1_401' title='bbox 2370 2400 2565 2449; x_wconf 82' lang='lat' dir='ltr'>Nicolai</span> <span class='ocrx_word' id='word_1_402' title='bbox 2605 2400 2668 2447; x_wconf 89' lang='lat' dir='ltr'>de</span> <span class='ocrx_word' id='word_1_403' title='bbox 2708 2399 2895 2450; x_wconf 81' lang='lat' dir='ltr'>Lusan.</span> <span class='ocrx_word' id='word_1_404' title='bbox 2935 2396 3055 2450; x_wconf 85' lang='lat'>313.</span> 
     </span>
    </p>

    <p class='ocr_par' dir='ltr' id='par_1_71' title="bbox 1968 2468 3179 2595">
     <span class='ocr_line' id='line_1_86' title="bbox 1968 2468 3179 2535; baseline 0.002 -16"><span class='ocrx_word' id='word_1_405' title='bbox 1968 2470 2225 2535; x_wconf 90' lang='lat' dir='ltr'>Georgius</span> <span class='ocrx_word' id='word_1_406' title='bbox 2262 2469 2331 2522; x_wconf 89' lang='grc'>61.</span> <span class='ocrx_word' id='word_1_407' title='bbox 2360 2471 2551 2520; x_wconf 88' lang='lat' dir='ltr'>Nicolai</span> <span class='ocrx_word' id='word_1_408' title='bbox 2591 2471 2654 2519; x_wconf 92' lang='lat' dir='ltr'>de</span> <span class='ocrx_word' id='word_1_409' title='bbox 2692 2470 2873 2520; x_wconf 81' lang='lat' dir='ltr'>Mlaka.</span> <span class='ocrx_word' id='word_1_410' title='bbox 2912 2468 3031 2521; x_wconf 91' lang='lat'>101.</span> <span class='ocrx_word' id='word_1_411' title='bbox 3058 2468 3179 2521; x_wconf 90' lang='grc'><strong>252.</strong></span> 
     </span>
     <span class='ocr_line' id='line_1_87' title="bbox 2036 2540 3179 2595; baseline -0.003 -1"><span class='ocrx_word' id='word_1_412' title='bbox 2036 2540 2157 2594; x_wconf 90' lang='grc'><strong>253.</strong></span> <span class='ocrx_word' id='word_1_413' title='bbox 2203 2541 2323 2594; x_wconf 85' lang='grc'><strong>254.</strong></span> <span class='ocrx_word' id='word_1_414' title='bbox 2376 2541 2496 2595; x_wconf 91' lang='grc'><strong>261.</strong></span> <span class='ocrx_word' id='word_1_415' title='bbox 2545 2540 2667 2593; x_wconf 89' lang='lat'>272.</span> <span class='ocrx_word' id='word_1_416' title='bbox 2718 2540 2839 2593; x_wconf 91' lang='grc'><strong>273.</strong></span> <span class='ocrx_word' id='word_1_417' title='bbox 2890 2540 3012 2593; x_wconf 89' lang='grc'><strong>276.</strong></span> <span class='ocrx_word' id='word_1_418' title='bbox 3060 2540 3179 2593; x_wconf 90' lang='grc'><strong>329.</strong></span> 
     </span>
    </p>

    <p class='ocr_par' dir='ltr' id='par_1_72' title="bbox 1969 2682 3190 2809">
     <span class='ocr_line' id='line_1_88' title="bbox 1969 2682 3188 2749; baseline 0 -15"><span class='ocrx_word' id='word_1_419' title='bbox 1969 2684 2227 2749; x_wconf 87' lang='lat' dir='ltr'>Georgius</span> <span class='ocrx_word' id='word_1_420' title='bbox 2266 2683 2335 2737; x_wconf 89' lang='grc'>61.</span> <span class='ocrx_word' id='word_1_421' title='bbox 2376 2684 2567 2734; x_wconf 87' lang='lat' dir='ltr'>Nicolai</span> <span class='ocrx_word' id='word_1_422' title='bbox 2610 2682 2677 2735; x_wconf 84' lang='lat' dir='ltr'>fil.</span> <span class='ocrx_word' id='word_1_423' title='bbox 2718 2682 2882 2732; x_wconf 84' lang='lat' dir='ltr'>Laczk</span> <span class='ocrx_word' id='word_1_424' title='bbox 2922 2682 2985 2732; x_wconf 90' lang='lat' dir='ltr'>de</span> <span class='ocrx_word' id='word_1_425' title='bbox 3009 2683 3188 2734; x_wconf 78' lang='lat' dir='ltr'>Mlalta.</span> 
     </span>
     <span class='ocr_line' id='line_1_89' title="bbox 2039 2751 3190 2809; baseline -0.003 -1"><span class='ocrx_word' id='word_1_426' title='bbox 2039 2754 2159 2808; x_wconf 87' lang='lat'>318.</span> <span class='ocrx_word' id='word_1_427' title='bbox 2210 2754 2331 2809; x_wconf 85' lang='lat'>322.</span> <span class='ocrx_word' id='word_1_428' title='bbox 2383 2754 2505 2809; x_wconf 89' lang='grc'><strong>323.</strong></span> <span class='ocrx_word' id='word_1_429' title='bbox 2555 2754 2675 2808; x_wconf 88' lang='grc'><strong>340.</strong></span> <span class='ocrx_word' id='word_1_430' title='bbox 2724 2752 2843 2808; x_wconf 88' lang='grc'><strong>350.</strong></span> <span class='ocrx_word' id='word_1_431' title='bbox 2897 2751 3018 2807; x_wconf 87' lang='grc'><strong>352.</strong></span> <span class='ocrx_word' id='word_1_432' title='bbox 3068 2752 3190 2807; x_wconf 85' lang='grc'><strong>355.</strong></span> 
     </span>
    </p>
   </div>
   <div class='ocr_carea' id='block_1_19' title="bbox 1968 2826 3095 2964">
    <p class='ocr_par' dir='ltr' id='par_1_73' title="bbox 1968 2826 3095 2964">
     <span class='ocr_line' id='line_1_90' title="bbox 2038 2826 2319 2880; baseline -0.004 -1"><span class='ocrx_word' id='word_1_433' title='bbox 2038 2826 2160 2880; x_wconf 90' lang='grc'><strong>373.</strong></span> <span class='ocrx_word' id='word_1_434' title='bbox 2198 2826 2319 2880; x_wconf 89' lang='grc'><strong>376.</strong></span> 
     </span>
     <span class='ocr_line' id='line_1_91' title="bbox 1968 2896 3095 2964; baseline 0.001 -17"><span class='ocrx_word' id='word_1_435' title='bbox 1968 2898 2225 2964; x_wconf 90' lang='lat' dir='ltr'>Georgius</span> <span class='ocrx_word' id='word_1_436' title='bbox 2265 2897 2336 2950; x_wconf 88' lang='lat' dir='ltr'>fil.</span> <span class='ocrx_word' id='word_1_437' title='bbox 2377 2896 2567 2947; x_wconf 81' lang='lat' dir='ltr'>Nicolai</span> <span class='ocrx_word' id='word_1_438' title='bbox 2608 2898 2671 2946; x_wconf 93' lang='lat' dir='ltr'>de</span> <span class='ocrx_word' id='word_1_439' title='bbox 2712 2896 2934 2946; x_wconf 84' lang='lat' dir='ltr'>Pribich.</span> <span class='ocrx_word' id='word_1_440' title='bbox 2974 2896 3095 2948; x_wconf 89' lang='lat'>207.</span> 
     </span>
    </p>
   </div>
   <div class='ocr_carea' id='block_1_20' title="bbox 1944 2967 3181 5030">
    <p class='ocr_par' dir='ltr' id='par_1_74' title="bbox 1967 2967 3048 3035">
     <span class='ocr_line' id='line_1_92' title="bbox 1967 2967 3048 3035; baseline 0.001 -17"><span class='ocrx_word' id='word_1_441' title='bbox 1967 2970 2225 3035; x_wconf 89' lang='lat' dir='ltr'>Georgius</span> <span class='ocrx_word' id='word_1_442' title='bbox 2262 2968 2331 3021; x_wconf 87' lang='lat' dir='ltr'>fil.</span> <span class='ocrx_word' id='word_1_443' title='bbox 2376 2968 2519 3018; x_wconf 81' lang='lat' dir='ltr'>Pauli</span> <span class='ocrx_word' id='word_1_444' title='bbox 2558 2968 2739 3019; x_wconf 88' lang='lat' dir='ltr'>Wrad.</span> <span class='ocrx_word' id='word_1_445' title='bbox 2782 2967 2900 3019; x_wconf 90' lang='lat'>172.</span> <span class='ocrx_word' id='word_1_446' title='bbox 2942 2968 3048 3020; x_wconf 89' lang='grc'>173</span> 
     </span>
    </p>

    <p class='ocr_par' dir='ltr' id='par_1_75' title="bbox 1966 3038 3063 3106">
     <span class='ocr_line' id='line_1_93' title="bbox 1966 3038 3063 3106; baseline -0.001 -16"><span class='ocrx_word' id='word_1_447' title='bbox 1966 3041 2223 3106; x_wconf 86' lang='lat' dir='ltr'>Georgius</span> <span class='ocrx_word' id='word_1_448' title='bbox 2262 3040 2329 3093; x_wconf 86' lang='lat' dir='ltr'>fil.</span> <span class='ocrx_word' id='word_1_449' title='bbox 2373 3040 2515 3089; x_wconf 85' lang='lat' dir='ltr'>Pauli</span> <span class='ocrx_word' id='word_1_450' title='bbox 2556 3040 2619 3089; x_wconf 94' lang='lat' dir='ltr'>de</span> <span class='ocrx_word' id='word_1_451' title='bbox 2661 3038 2902 3091; x_wconf 82' lang='lat' dir='ltr'>larebich.</span> <span class='ocrx_word' id='word_1_452' title='bbox 2947 3038 3063 3091; x_wconf 89' lang='lat'>191.</span> 
     </span>
    </p>

    <p class='ocr_par' dir='ltr' id='par_1_76' title="bbox 1965 3108 2952 3177">
     <span class='ocr_line' id='line_1_94' title="bbox 1965 3108 2952 3177; baseline 0 -16"><span class='ocrx_word' id='word_1_453' title='bbox 1965 3112 2221 3177; x_wconf 86' lang='lat' dir='ltr'>Georgius</span> <span class='ocrx_word' id='word_1_454' title='bbox 2260 3111 2327 3165; x_wconf 89' lang='lat' dir='ltr'>fil.</span> <span class='ocrx_word' id='word_1_455' title='bbox 2369 3110 2513 3161; x_wconf 85' lang='lat' dir='ltr'>Pauli</span> <span class='ocrx_word' id='word_1_456' title='bbox 2553 3110 2640 3160; x_wconf 91' lang='lat' dir='ltr'>filii</span> <span class='ocrx_word' id='word_1_457' title='bbox 2683 3111 2830 3162; x_wconf 87' lang='lat' dir='ltr'>Vida.</span> <span class='ocrx_word' id='word_1_458' title='bbox 2867 3108 2952 3163; x_wconf 85' lang='lat'>38.</span> 
     </span>
    </p>

    <p class='ocr_par' dir='ltr' id='par_1_77' title="bbox 1964 3180 2749 3249">
     <span class='ocr_line' id='line_1_95' title="bbox 1964 3180 2749 3249; baseline 0 -16"><span class='ocrx_word' id='word_1_459' title='bbox 1964 3184 2219 3249; x_wconf 88' lang='lat' dir='ltr'>Georgius</span> <span class='ocrx_word' id='word_1_460' title='bbox 2257 3182 2327 3235; x_wconf 86' lang='lat' dir='ltr'>fil.</span> <span class='ocrx_word' id='word_1_461' title='bbox 2368 3181 2624 3235; x_wconf 83' lang='lat' dir='ltr'>Pazmani.</span> <span class='ocrx_word' id='word_1_462' title='bbox 2664 3180 2749 3234; x_wconf 90' lang='grc'>52.</span> 
     </span>
    </p>

    <p class='ocr_par' dir='ltr' id='par_1_78' title="bbox 1961 3253 2684 3321">
     <span class='ocr_line' id='line_1_96' title="bbox 1961 3253 2684 3321; baseline 0.003 -17"><span class='ocrx_word' id='word_1_463' title='bbox 1961 3255 2219 3321; x_wconf 90' lang='lat' dir='ltr'>Georgius</span> <span class='ocrx_word' id='word_1_464' title='bbox 2259 3254 2328 3307; x_wconf 90' lang='grc'>61.</span> <span class='ocrx_word' id='word_1_465' title='bbox 2369 3254 2522 3305; x_wconf 85' lang='lat' dir='ltr'>Pech.</span> <span class='ocrx_word' id='word_1_466' title='bbox 2564 3253 2684 3306; x_wconf 92' lang='lat'>102.</span> 
     </span>
    </p>

    <p class='ocr_par' dir='ltr' id='par_1_79' title="bbox 1959 3324 2756 3392">
     <span class='ocr_line' id='line_1_97' title="bbox 1959 3324 2756 3392; baseline 0.001 -17"><span class='ocrx_word' id='word_1_467' title='bbox 1959 3326 2217 3392; x_wconf 89' lang='lat' dir='ltr'>Georgius</span> <span class='ocrx_word' id='word_1_468' title='bbox 2257 3324 2323 3378; x_wconf 88' lang='lat' dir='ltr'>fil.</span> <span class='ocrx_word' id='word_1_469' title='bbox 2367 3326 2506 3378; x_wconf 77' lang='lat' dir='ltr'>Petk.</span> <span class='ocrx_word' id='word_1_470' title='bbox 2547 3325 2618 3378; x_wconf 90' lang='lat'>90</span> <span class='ocrx_word' id='word_1_471' title='bbox 2670 3324 2756 3377; x_wconf 88' lang='lat'>92.</span> 
     </span>
    </p>

    <p class='ocr_par' dir='ltr' id='par_1_80' title="bbox 1958 3394 3075 3463">
     <span class='ocr_line' id='line_1_98' title="bbox 1958 3394 3075 3463; baseline 0.002 -17"><span class='ocrx_word' id='word_1_472' title='bbox 1958 3398 2215 3463; x_wconf 87' lang='lat' dir='ltr'>Georgius</span> <span class='ocrx_word' id='word_1_473' title='bbox 2255 3396 2323 3448; x_wconf 87' lang='lat' dir='ltr'>fil.</span> <span class='ocrx_word' id='word_1_474' title='bbox 2366 3396 2490 3446; x_wconf 83' lang='lat' dir='ltr'>Petk</span> <span class='ocrx_word' id='word_1_475' title='bbox 2528 3397 2591 3445; x_wconf 92' lang='lat' dir='ltr'>de</span> <span class='ocrx_word' id='word_1_476' title='bbox 2629 3394 2913 3448; x_wconf 82' lang='lat' dir='ltr'>Hraschan.</span> <span class='ocrx_word' id='word_1_477' title='bbox 2954 3395 3075 3448; x_wconf 88' lang='lat'>412.</span> 
     </span>
    </p>

    <p class='ocr_par' dir='ltr' id='par_1_81' title="bbox 1957 3466 3181 3535">
     <span class='ocr_line' id='line_1_99' title="bbox 1957 3466 3181 3535; baseline 0 -18"><span class='ocrx_word' id='word_1_478' title='bbox 1957 3468 2213 3535; x_wconf 89' lang='lat' dir='ltr'>Georgius</span> <span class='ocrx_word' id='word_1_479' title='bbox 2252 3467 2324 3521; x_wconf 89' lang='grc'>61.</span> <span class='ocrx_word' id='word_1_480' title='bbox 2354 3467 2489 3517; x_wconf 82' lang='lat' dir='ltr'>Petri</span> <span class='ocrx_word' id='word_1_481' title='bbox 2517 3468 2579 3518; x_wconf 92' lang='lat' dir='ltr'>de</span> <span class='ocrx_word' id='word_1_482' title='bbox 2608 3466 3031 3532; x_wconf 80' lang='lat' dir='ltr'>sswkowschyak.</span> <span class='ocrx_word' id='word_1_483' title='bbox 3060 3466 3181 3519; x_wconf 82' lang='lat'>456.</span> 
     </span>
    </p>

    <p class='ocr_par' dir='ltr' id='par_1_82' title="bbox 1956 3537 3179 3665">
     <span class='ocr_line' id='line_1_100' title="bbox 1956 3537 3179 3603; baseline 0 -14"><span class='ocrx_word' id='word_1_484' title='bbox 1956 3540 2215 3603; x_wconf 83' lang='lat' dir='ltr'>Georgius</span> <span class='ocrx_word' id='word_1_485' title='bbox 2280 3539 2347 3593; x_wconf 89' lang='grc'>61.</span> <span class='ocrx_word' id='word_1_486' title='bbox 2408 3538 2542 3588; x_wconf 85' lang='lat' dir='ltr'>Petri</span> <span class='ocrx_word' id='word_1_487' title='bbox 2601 3540 2663 3587; x_wconf 92' lang='lat' dir='ltr'>de</span> <span class='ocrx_word' id='word_1_488' title='bbox 2723 3537 2813 3590; x_wconf 84' lang='lat' dir='ltr'>1nf.</span> <span class='ocrx_word' id='word_1_489' title='bbox 2872 3538 3179 3589; x_wconf 84' lang='lat' dir='ltr'>Lomnicha.</span> 
     </span>
     <span class='ocr_line' id='line_1_101' title="bbox 2029 3610 2307 3665; baseline 0 -2"><span class='ocrx_word' id='word_1_490' title='bbox 2029 3610 2146 3665; x_wconf 86' lang='lat'>128.</span> <span class='ocrx_word' id='word_1_491' title='bbox 2187 3610 2307 3664; x_wconf 90' lang='grc'><strong>129.</strong></span> 
     </span>
    </p>

    <p class='ocr_par' dir='ltr' id='par_1_83' title="bbox 1953 3680 3179 3749">
     <span class='ocr_line' id='line_1_102' title="bbox 1953 3680 3179 3749; baseline 0.002 -18"><span class='ocrx_word' id='word_1_492' title='bbox 1953 3682 2210 3748; x_wconf 90' lang='lat' dir='ltr'>Georgius</span> <span class='ocrx_word' id='word_1_493' title='bbox 2249 3681 2317 3735; x_wconf 88' lang='lat' dir='ltr'>fil.</span> <span class='ocrx_word' id='word_1_494' title='bbox 2360 3682 2494 3731; x_wconf 83' lang='lat' dir='ltr'>Petri</span> <span class='ocrx_word' id='word_1_495' title='bbox 2520 3682 2583 3731; x_wconf 92' lang='lat' dir='ltr'>de</span> <span class='ocrx_word' id='word_1_496' title='bbox 2605 3680 2868 3749; x_wconf 80' lang='lat' dir='ltr'>Kobilyth.</span> <span class='ocrx_word' id='word_1_497' title='bbox 2910 3680 3029 3734; x_wconf 88' lang='lat'>416.</span> <span class='ocrx_word' id='word_1_498' title='bbox 3058 3680 3179 3733; x_wconf 90' lang='grc'><strong>417.</strong></span> 
     </span>
    </p>

    <p class='ocr_par' dir='ltr' id='par_1_84' title="bbox 1953 3752 3177 3878">
     <span class='ocr_line' id='line_1_103' title="bbox 1953 3752 3177 3819; baseline 0.002 -16"><span class='ocrx_word' id='word_1_499' title='bbox 1953 3754 2211 3818; x_wconf 84' lang='lat' dir='ltr'>Georgius</span> <span class='ocrx_word' id='word_1_500' title='bbox 2250 3754 2318 3806; x_wconf 86' lang='lat' dir='ltr'>fil.</span> <span class='ocrx_word' id='word_1_501' title='bbox 2379 3752 2515 3803; x_wconf 86' lang='lat' dir='ltr'>Petri</span> <span class='ocrx_word' id='word_1_502' title='bbox 2554 3754 2617 3803; x_wconf 91' lang='lat' dir='ltr'>de</span> <span class='ocrx_word' id='word_1_503' title='bbox 2669 3753 2793 3818; x_wconf 88' lang='lat' dir='ltr'>Sup.</span> <span class='ocrx_word' id='word_1_504' title='bbox 2847 3752 3177 3819; x_wconf 86' lang='lat' dir='ltr'>Lompniczn.</span> 
     </span>
     <span class='ocr_line' id='line_1_104' title="bbox 2022 3824 2303 3878; baseline 0.007 -3"><span class='ocrx_word' id='word_1_505' title='bbox 2022 3825 2143 3877; x_wconf 88' lang='lat'>202.</span> <span class='ocrx_word' id='word_1_506' title='bbox 2183 3824 2303 3878; x_wconf 83' lang='lat'>203.</span> 
     </span>
    </p>

    <p class='ocr_par' dir='ltr' id='par_1_85' title="bbox 1951 3893 3174 3961">
     <span class='ocr_line' id='line_1_105' title="bbox 1951 3893 3174 3961; baseline 0.002 -16"><span class='ocrx_word' id='word_1_507' title='bbox 1951 3896 2208 3961; x_wconf 90' lang='lat' dir='ltr'>Georgius</span> <span class='ocrx_word' id='word_1_508' title='bbox 2247 3896 2315 3947; x_wconf 87' lang='lat' dir='ltr'>fil.</span> <span class='ocrx_word' id='word_1_509' title='bbox 2356 3896 2492 3945; x_wconf 87' lang='lat' dir='ltr'>Petri</span> <span class='ocrx_word' id='word_1_510' title='bbox 2531 3894 2599 3948; x_wconf 88' lang='lat' dir='ltr'>fil.</span> <span class='ocrx_word' id='word_1_511' title='bbox 2641 3895 3005 3961; x_wconf 82' lang='lat' dir='ltr'>Margarethae.</span> <span class='ocrx_word' id='word_1_512' title='bbox 3054 3893 3174 3949; x_wconf 88' lang='grc'><strong>368.</strong></span> 
     </span>
    </p>

    <p class='ocr_par' dir='ltr' id='par_1_86' title="bbox 1951 4036 3173 4105">
     <span class='ocr_line' id='line_1_106' title="bbox 1951 4036 3173 4105; baseline 0.002 -18"><span class='ocrx_word' id='word_1_513' title='bbox 1951 4039 2207 4105; x_wconf 89' lang='lat' dir='ltr'>Georgius</span> <span class='ocrx_word' id='word_1_514' title='bbox 2264 4039 2331 4091; x_wconf 90' lang='lat' dir='ltr'>fil.</span> <span class='ocrx_word' id='word_1_515' title='bbox 2386 4038 2609 4103; x_wconf 85' lang='lat' dir='ltr'>Philippi</span> <span class='ocrx_word' id='word_1_516' title='bbox 2665 4038 2729 4087; x_wconf 92' lang='lat' dir='ltr'>de</span> <span class='ocrx_word' id='word_1_517' title='bbox 2786 4036 3173 4104; x_wconf 81' lang='lat' dir='ltr'>Dragonosech.</span> 
     </span>
    </p>

    <p class='ocr_par' dir='ltr' id='par_1_87' title="bbox 1949 4178 2898 4247">
     <span class='ocr_line' id='line_1_107' title="bbox 1949 4178 2898 4247; baseline 0.001 -17"><span class='ocrx_word' id='word_1_518' title='bbox 1949 4180 2207 4247; x_wconf 85' lang='lat' dir='ltr'>Georgius</span> <span class='ocrx_word' id='word_1_519' title='bbox 2246 4180 2317 4229; x_wconf 79' lang='lat' dir='ltr'>fil.</span> <span class='ocrx_word' id='word_1_520' title='bbox 2360 4180 2575 4232; x_wconf 75' lang='lat' dir='ltr'>Puckae.</span> <span class='ocrx_word' id='word_1_521' title='bbox 2618 4178 2737 4233; x_wconf 83' lang='lat'>399.</span> <span class='ocrx_word' id='word_1_522' title='bbox 2778 4179 2898 4232; x_wconf 87' lang='lat'>401.</span> 
     </span>
    </p>

    <p class='ocr_par' dir='ltr' id='par_1_88' title="bbox 1948 4251 3171 4315">
     <span class='ocr_line' id='line_1_108' title="bbox 1948 4251 3171 4315; baseline 0.002 -14"><span class='ocrx_word' id='word_1_523' title='bbox 1948 4252 2206 4315; x_wconf 82' lang='lat' dir='ltr'>Georgius</span> <span class='ocrx_word' id='word_1_524' title='bbox 2246 4251 2316 4305; x_wconf 82' lang='lat' dir='ltr'>fil.</span> <span class='ocrx_word' id='word_1_525' title='bbox 2358 4253 2591 4302; x_wconf 81' lang='lat' dir='ltr'>Pwrwos</span> <span class='ocrx_word' id='word_1_526' title='bbox 2629 4252 2693 4301; x_wconf 93' lang='lat' dir='ltr'>de</span> <span class='ocrx_word' id='word_1_527' title='bbox 2731 4251 2819 4303; x_wconf 85' lang='lat' dir='ltr'>lnf.</span> <span class='ocrx_word' id='word_1_528' title='bbox 2862 4251 3171 4303; x_wconf 85' lang='lat' dir='ltr'>Lukawech.</span> 
     </span>
    </p>

    <p class='ocr_par' dir='ltr' id='par_1_89' title="bbox 1947 4392 3089 4461">
     <span class='ocr_line' id='line_1_109' title="bbox 1947 4392 3089 4461; baseline 0.002 -18"><span class='ocrx_word' id='word_1_529' title='bbox 1947 4394 2206 4461; x_wconf 87' lang='lat' dir='ltr'>Georgius</span> <span class='ocrx_word' id='word_1_530' title='bbox 2246 4394 2319 4449; x_wconf 79' lang='grc'>61.</span> <span class='ocrx_word' id='word_1_531' title='bbox 2358 4393 2603 4460; x_wconf 87' lang='lat' dir='ltr'>Stephani</span> <span class='ocrx_word' id='word_1_532' title='bbox 2644 4394 2707 4442; x_wconf 91' lang='lat' dir='ltr'>de</span> <span class='ocrx_word' id='word_1_533' title='bbox 2745 4393 2923 4445; x_wconf 84' lang='lat' dir='ltr'>Ebres.</span> <span class='ocrx_word' id='word_1_534' title='bbox 2967 4392 3089 4445; x_wconf 91' lang='grc'><strong>155.</strong></span> 
     </span>
    </p>

    <p class='ocr_par' dir='ltr' id='par_1_90' title="bbox 1947 4464 3169 4591">
     <span class='ocr_line' id='line_1_110' title="bbox 1947 4464 3169 4531; baseline -0.001 -15"><span class='ocrx_word' id='word_1_535' title='bbox 1947 4466 2205 4531; x_wconf 80' lang='lat' dir='ltr'>Georgius</span> <span class='ocrx_word' id='word_1_536' title='bbox 2243 4465 2313 4517; x_wconf 77' lang='lat' dir='ltr'>fit.</span> <span class='ocrx_word' id='word_1_537' title='bbox 2355 4464 2600 4531; x_wconf 86' lang='lat' dir='ltr'>Stephani</span> <span class='ocrx_word' id='word_1_538' title='bbox 2638 4464 2711 4517; x_wconf 81' lang='lat' dir='ltr'>fil.</span> <span class='ocrx_word' id='word_1_539' title='bbox 2734 4464 2861 4514; x_wconf 83' lang='lat' dir='ltr'>Petk</span> <span class='ocrx_word' id='word_1_540' title='bbox 2900 4465 2963 4515; x_wconf 92' lang='lat' dir='ltr'>de</span> <span class='ocrx_word' id='word_1_541' title='bbox 3003 4465 3169 4515; x_wconf 82' lang='lat' dir='ltr'>Luka-</span> 
     </span>
     <span class='ocr_line' id='line_1_111' title="bbox 2020 4534 2497 4591; baseline 0.006 -6"><span class='ocrx_word' id='word_1_542' title='bbox 2020 4552 2174 4589; x_wconf 84' lang='lat' dir='ltr'>wecz.</span> <span class='ocrx_word' id='word_1_543' title='bbox 2215 4536 2337 4591; x_wconf 88' lang='grc'><strong>326.</strong></span> <span class='ocrx_word' id='word_1_544' title='bbox 2377 4534 2497 4590; x_wconf 89' lang='grc'><strong>327.</strong></span> 
     </span>
    </p>

    <p class='ocr_par' dir='ltr' id='par_1_91' title="bbox 1946 4605 3170 4675">
     <span class='ocr_line' id='line_1_112' title="bbox 1946 4605 3170 4675; baseline 0 -18"><span class='ocrx_word' id='word_1_545' title='bbox 1946 4608 2205 4675; x_wconf 87' lang='lat' dir='ltr'>Georgius</span> <span class='ocrx_word' id='word_1_546' title='bbox 2242 4607 2317 4657; x_wconf 70' lang='lat'>5¹.</span> <span class='ocrx_word' id='word_1_547' title='bbox 2344 4606 2589 4674; x_wconf 84' lang='lat' dir='ltr'>Stephani</span> <span class='ocrx_word' id='word_1_548' title='bbox 2618 4608 2681 4656; x_wconf 90' lang='lat' dir='ltr'>de</span> <span class='ocrx_word' id='word_1_549' title='bbox 2708 4606 3018 4660; x_wconf 80' lang='lat' dir='ltr'>Kotilowcz.</span> <span class='ocrx_word' id='word_1_550' title='bbox 3047 4605 3170 4660; x_wconf 90' lang='grc'><strong>336.</strong></span> 
     </span>
    </p>

    <p class='ocr_par' dir='ltr' id='par_1_92' title="bbox 1946 4677 3171 4804">
     <span class='ocr_line' id='line_1_113' title="bbox 1946 4677 3171 4746; baseline -0.001 -17"><span class='ocrx_word' id='word_1_551' title='bbox 1946 4679 2206 4746; x_wconf 89' lang='lat' dir='ltr'>Georgius</span> <span class='ocrx_word' id='word_1_552' title='bbox 2242 4678 2315 4732; x_wconf 82' lang='lat' dir='ltr'>fn.</span> <span class='ocrx_word' id='word_1_553' title='bbox 2373 4678 2620 4745; x_wconf 83' lang='lat' dir='ltr'>Stephani</span> <span class='ocrx_word' id='word_1_554' title='bbox 2673 4677 2745 4730; x_wconf 83' lang='lat' dir='ltr'>fil.</span> <span class='ocrx_word' id='word_1_555' title='bbox 2801 4678 3056 4728; x_wconf 85' lang='lat' dir='ltr'>Valentini</span> <span class='ocrx_word' id='word_1_556' title='bbox 3106 4680 3171 4728; x_wconf 91' lang='lat' dir='ltr'>de</span> 
     </span>
     <span class='ocr_line' id='line_1_114' title="bbox 2019 4748 2483 4804; baseline 0.011 -5"><span class='ocrx_word' id='word_1_557' title='bbox 2019 4750 2324 4804; x_wconf 85' lang='lat' dir='ltr'>Korilowcz.</span> <span class='ocrx_word' id='word_1_558' title='bbox 2361 4748 2483 4804; x_wconf 90' lang='grc'><strong>344.</strong></span> 
     </span>
    </p>

    <p class='ocr_par' dir='ltr' id='par_1_93' title="bbox 1944 4820 3165 4887">
     <span class='ocr_line' id='line_1_115' title="bbox 1944 4820 3165 4887; baseline 0.002 -16"><span class='ocrx_word' id='word_1_559' title='bbox 1944 4821 2203 4887; x_wconf 89' lang='lat' dir='ltr'>Georgius</span> <span class='ocrx_word' id='word_1_560' title='bbox 2241 4820 2313 4873; x_wconf 82' lang='lat' dir='ltr'>fil.</span> <span class='ocrx_word' id='word_1_561' title='bbox 2352 4821 2555 4871; x_wconf 85' lang='lat' dir='ltr'>Swazth</span> <span class='ocrx_word' id='word_1_562' title='bbox 2596 4826 2659 4869; x_wconf 89' lang='lat' dir='ltr'>de</span> <span class='ocrx_word' id='word_1_563' title='bbox 2698 4820 2790 4874; x_wconf 81' lang='lat' dir='ltr'>lnf.</span> <span class='ocrx_word' id='word_1_564' title='bbox 2819 4820 3165 4887; x_wconf 82' lang='lat' dir='ltr'>Lompnycza.</span> 
     </span>
    </p>

    <p class='ocr_par' dir='ltr' id='par_1_94' title="bbox 1945 4962 2685 5030">
     <span class='ocr_line' id='line_1_116' title="bbox 1945 4962 2685 5030; baseline 0.001 -17"><span class='ocrx_word' id='word_1_565' title='bbox 1945 4963 2203 5030; x_wconf 85' lang='lat' dir='ltr'>Georgius</span> <span class='ocrx_word' id='word_1_566' title='bbox 2241 4962 2312 5016; x_wconf 80' lang='lat' dir='ltr'>fil.</span> <span class='ocrx_word' id='word_1_567' title='bbox 2352 4963 2561 5016; x_wconf 82' lang='lat' dir='ltr'>Thatar.</span> <span class='ocrx_word' id='word_1_568' title='bbox 2600 4962 2685 5016; x_wconf 90' lang='grc'>57.</span> 
     </span>
    </p>
   </div>
  </div>
 </body>
</html>
